2946 5062
437 350 440 355 .
569 306 776 366 PRAEFATIO
1192 317 1243 372 XV

90 471 194 538 Visus
219 476 271 539 est
289 470 426 538 Plautus
450 473 579 559 integro
602 497 697 541 versu
720 475 816 541 ditari
838 476 1048 545 Ambrosiani
1071 480 1242 546 beneficio:

182 578 340 647 Profecto
370 585 408 646 ut
435 603 476 645 ne
505 583 665 667 quoquam
694 583 825 666 ingenio
848 584 1054 669 degrediatur
1078 588 1242 654 miliebri:

89 689 138 752 sic
163 686 252 752 enim
276 711 342 754 una
369 690 407 754 de
438 688 553 754 vocula
575 689 680 754 delete
707 690 848 755 numeris
877 713 947 757 esse
975 693 1155 758 consultum
1180 695 1242 760 sibi

88 799 339 880 persuaserunt.
375 795 421 860 Et
448 799 558 860 tamen
588 817 628 859 ne
656 795 718 861 hoo
745 797 875 882 quidem
903 798 936 863 in
964 799 1117 884 loquendi
1140 822 1241 886 genus

86 900 284 966 Plautinum
304 903 471 967 convenit:
496 902 581 987 quod
600 903 745 986 postulat
763 904 797 968 in
816 904 938 969 talibus
958 908 1241 991 praepositionem.

86 1008 254 1085 Quocirca
276 1008 372 1074 valde
395 1015 582 1092 suspectum
600 1008 781 1074 Trinummi
805 1034 835 1075 v.
854 1011 920 1076 265
943 1015 1034 1094 quasi
1051 1034 1127 1078 saco
1145 1017 1242 1081 saliat

85 1138 151 1200 pro
174 1117 213 1180 de
233 1136 320 1181 coxo.
358 1115 403 1180 Et
431 1115 465 1180 in
492 1117 564 1200 ipsa
587 1115 689 1181 Milite
713 1137 779 1182 non
808 1117 1089 1201 potuit113‚33
1112 1123 1243 1203 receptet

87 1244 123 1287 se
140 1223 261 1306 potede
285 1222 361 1287 dici:
385 1222 441 1287 ubi
464 1244 529 1287 non
552 1223 700 1305 epolulo
723 1245 796 1289 cum
817 1222 1002 1290 Camerario
1024 1226 1241 1312 scribendum,

85 1328 147 1394 sed
170 1351 245 1394 cum
269 1328 391 1395 Bothio
414 1350 435 1393 o
451 1328 576 1411 pabulo.
617 1327 687 1395 Nec
710 1335 797 1396 recte
821 1330 965 1396 eiusdem
989 1352 1124 1397 scaenae
1147 1356 1177 1399 v.
1195 1336 1238 1400 37

85 1459 124 1502 se
150 1435 253 1501 hebet
276 1436 351 1501 illoc
371 1435 446 1501 leoco
466 1456 498 1500 se
515 1436 646 1519 hospitio
664 1437 726 1502 edit
746 1438 849 1519 foras:
872 1460 930 1522 pro
954 1438 1070 1522 quibus
1094 1461 1133 1504 er
1157 1440 1240 1524 opti-

82 1565 221 1608 morum
246 1543 403 1608 librorum
423 1544 570 1628 vestigiis
588 1545 662 1609 illuc
679 1545 731 1610 loeo
748 1545 971 1630 steomtofpe'oio‚
995 1546 1067 1611 illoc
1084 1546 1158 1612 luco
1174 1547 1242 1627 forn

81 1650 215 1733 ospitio,
234 1649 360 1714 illoolrcc
378 1650 408 1730 se
425 1649 561 1732 *ospitem
584 1650 723 1717 efficitur
736 1653 796 1717 illo
812 1673 850 1718 ea
866 1673 922 1717 suo
940 1673 972 1716 se
989 1651 1120 1734 hospitio
1137 1655 1243 1718 educit

82 1758 195 1838 soros:
214 1779 292 1822 nam
311 1759 417 1823 edocet
434 1762 472 1822 ut
490 1781 509 1822 a
528 1756 685 1823 Lambino
706 1759 893 1843 asciscatur,
911 1781 977 1824 non
995 1760 1077 1824 dedit
1095 1782 1114 1824 a
1129 1759 1239 1844 Lipsio

82 1887 150 1930 nee
183 1866 280 1930 edidit
313 1888 333 1929 a
365 1863 503 1930 Grutero
536 1864 758 1951 Bergkioque‚
797 1888 1003 1931 numerorum
1036 1867 1239 1932 concinnitas

81 1971 206 2037 suadet
236 1993 334 2055 quarn
365 1970 492 2056 Proleg.
524 1970 611 2036 Trin.
642 1994 672 2056 p.
704 1970 797 2038 CCX.
829 1970 1055 2038 CCCXXVIII
1088 1972 1238 2040 Bentleio

81 2080 168 2144 duce
194 2078 501 2143 commendavimus.
539 2077 600 2143 Sed
628 2079 663 2143 in
686 2079 896 2144 Ambrosieni
923 2080 978 2144 illo
1006 2103 1101 2145 versu
1130 2080 1235 2146 multo

80 2187 189 2251 etiam
218 2186 366 2269 gravius,
392 2207 458 2249 non
488 2185 639 2267 editores,
666 2185 722 2250 sed
750 2187 830 2250 artie
858 2186 982 2270 perilos
1012 2187 1145 2252 offendit
1167 2210 1238 2271 pra·

80 2293 227 2356 vissimo
258 2295 391 2357 accentu
420 2293 561 2376 positum
587 2297 682 2376 atque
706 2293 740 2356 in
764 2293 870 2376 prima
894 2292 1021 2376 syllaba
1044 2294 1235 2377 productum

72 2399 230 2484 profecto.
270 2396 363 2473 Quod
386 2399 501 2464 vitium
524 2403 566 2463 ne
584 2399 736 2464 defendas
755 2398 844 2483 vitio,
868 2399 1033 2465 sciendum
1053 2403 1102 2464 oet
1119 2399 1235 2464 Militis

80 2505 312 2590 septenarium
340 2504 503 2590 113‚19,
535 2506 590 2589 qui
622 2505 700 2570 talis
734 2509 783 2571 est
813 2506 848 2569 in
884 2505 1063 2590 codicibus,
1095 2507 1238 2572 numeris

81 2614 226 2679 omnino
251 2612 368 2677 nullis:

181 2735 241 2802 SC.
270 2736 422 2801 Profecto
451 2735 526 2800 uidi.
567 2735 632 2802 ΡΑ.
660 2736 769 2801 tutIn‘?
800 2734 857 2803 SC.
887 2742 1018 2823 egomet
1044 2738 1170 2804 duobus
1190 2741 1241 2805 hil

733 2844 835 2909 oculis
853 2845 945 2928 meis,

82 2956 147 3018 aut
173 2951 219 3016 sic
243 2974 314 3016 esse
337 2949 597 3016 Instaurandum:

182 3074 239 3141 SC.
277 3076 337 3140 Ρό]
369 3075 515 3161 profecto
549 3073 625 3140 uidi.
680 3074 748 3141 PA.
779 3075 901 3141 tutin'?
934 3074 992 3143 SC.
1025 3079 1153 3163 egomet
1185 3079 1237 3143 his

733 3181 835 3247 oeulis
860 3185 940 3248 meis
962 3220 1000 3232 -

80 3314 145 3376 aut
171 3309 332 3374 similiter.
369 3310 541 3374 Praeterea
564 3308 641 3393 quid
665 3312 714 3373 est
737 3308 868 3373 tandem
891 3309 925 3373 in
946 3308 1153 3374 Ambrosieui
1178 3309 1233 3374 ad-

81 3419 271 3483 ditamento
292 3416 360 3500 illo,
384 3439 447 3501 quo
466 3416 585 3481 referre
605 3437 769 3498 corumque
787 3417 893 3499 possis
912 3416 947 3479 in
967 3416 1104 3500 proximi
1123 3405 1248 3481 versus*

81 3524 251 3610 principio
281 3525 503 3609 consequens?
534 3522 626 3598 Quod
655 3527 801 3607 spectare
830 3523 870 3586 ed
900 3523 1064 3588 mulierum
1093 3527 1239 3607 apparet,

80 3654 155 3696 non
186 3630 225 3694 ed
248 3630 400 3694 mrcliebri.
436 3626 505 3693 Nec
528 3629 580 3694 vel
603 3629 649 3693 eis
674 3650 773 3712 opera
791 3629 858 3693 ullo
878 3629 974 3693 modo
994 3629 1158 3711 suecessit,
1183 3628 1238 3712 qui

81 3740 128 3804 ab
155 3738 429 3821 interpolatorum
454 3735 599 3802 codicum
623 3735 653 3799 h.
678 3757 703 3800 e.
734 3757 752 3799 a
773 3734 924 3800 Vaticani
942 3734 978 3799 D
997 3735 1154 3800 memoria
1174 3733 1238 3797 Po-

82 3865 222 3926 rumque
240 3843 378 3927 profecti
397 3841 494 3907 Paret
511 3842 711 3925 invexerunt,
734 3841 785 3906 vel
808 3841 860 3905 his
880 3842 935 3924 qui
955 3863 993 3905 ea
1011 3863 1088 3907 voce
1108 3861 1239 3923 prorsus

80 3954 197 4017 eiecta
219 3950 303 4015 hanc
327 3949 429 4014 totius
453 3970 565 4014 versus
589 3949 729 4032 speciem
754 3946 929 4012 commenti
953 3951 1042 4010 sunt:

184 4072 299 4139 Artem
328 4078 361 4138 et
384 4073 588 4157 disciplinam
617 4073 764 4139 obtineat
787 4077 820 4136 et
843 4071 994 4134 colorem.
1037 4068 1100 4135 PE.
1130 4090 1238 4153 quem-

735 4177 930 4243 admodum?

81 4308 183 4374 Nam
208 4309 435 4392 praeterquam
458 4306 543 4392 quod
567 4307 607 4371 ed
631 4303 826 4370 sententiam
845 4302 925 4366 mire
945 4302 1100 4386 languent
1120 4304 1153 4364 et
1172 4304 1240 4365 ten·

82 4436 193 4501 quam
220 4412 401 4478 claudicant
423 4414 567 4479 subiecta
589 4417 617 4478 et
640 4413 768 4477 colorem
792 4410 905 4492 verba,
928 4431 986 4485 nec
1004 4413 1032 4472 ct
1051 4413 1101 4472 est
1120 4407 1152 4469 iu
1174 4407 1240 4469 ullo
