2910 5528
630 757 833 815 PRAEFATIO

285 922 358 1094 1998
369 1030 684 1096 200=576-594.
694 1030 870 1098 595-613

245 1135 359 1513 (ll.
393 1243 1067 1322 m=eso-eeaeaa-ssuuem-caa

309 1351 359 1415 77.
394 1349 685 1417 78=689-705.
698 1350 873 1416 rua-724

283 1456 868 1656 ἓ91802-τ759ῖ775778-796

283 1670 323 1737 D.
335 1671 355 1736 d

285 1805 491 1871 aaaaea=
526 1806 591 1870 aas
610 1842 654 1851 -
678 1806 752 1871 ser.
789 1807 896 1870 55-
922 1805 1028 1895 assa

244 1908 493 2390 (15115Ξ
527 2018 654 2084 5511-
679 2018 753 2083 555.
791 2019 900 2084 551-
925 2021 989 2086 aaa

1129 1299 1221 1364 XLII

284 2126 360 2191 447.
375 2127 494 2191 448=
528 2126 593 2191 923
614 2163 653 2171 —
680 2125 753 2190 939.
791 2128 899 2191 940-
924 2129 988 2193 958

285 2232 361 2297 463.
374 2233 493 2297 464--
527 2233 653 2297 959-
679 2232 752 2296 975.
789 2233 896 2297 976-
922 2235 987 2299 992

285 2339 359 2405 459.
369 2338 487 2404 460=
524 2339 590 2404 993
610 2338 1006 2405 -10091010-10265

286 2445 352 2512 Its

286 2553 359 2618 301.
374 2554 591 2619 302=1042
610 2555 752 2619 -1059,
769 2554 986 2621 1565-1513

1071 2179 1179 2245 XLIII

157 2712 207 2776 Ex
238 2713 290 2777 his
319 2717 393 2777 octo
427 2715 632 2778 membranas
663 2719 859 2780 tractaverat
886 2715 1085 2782 Ritsehelius
1114 2722 1147 2781 et
1175 2716 1307 2799 Parerg.

158 2842 187 2900 p.
208 2821 276 2883 440
306 2819 501 2905 digesserat:
533 2843 637 2906 panca
665 2823 821 2905 quaedam
854 2825 1034 2888 accuratius
1066 2823 1241 2888 definiebat
1274 2823 1307 2885 in

156 2926 301 2990 editione
326 2949 363 2990 511
388 2925 708 3015 Schwaramanni**)
737 2929 909 2995 collatione
929 2930 1127 2995 Fleckeiseni
1151 2929 1307 2994 beneficio

248 3120 274 3187 *)
295 3118 341 3174 Sic
360 3137 422 3174 cam
441 3120 513 3176 hanc
532 3121 666 3191 pagiuam
683 3128 735 3177 296
755 3122 1005 3190 circumscriberet,
1025 3124 1094 3178 haec
1116 3122 1227 3178 addidit
1247 3121 1306 3174 Rit-

156 3199 298 3254 schelius:
328 3200 407 3255 ‘cum
432 3217 498 3271 ego,
519 3219 574 3270 quo
596 3220 680 3256 vorsu
703 3203 882 3271 terminetur,
906 3203 1040 3272 indagare
1069 3221 1123 3257 non
1157 3201 1306 3272 potuerim,

158 3280 388 3334 Schwarzmanni
408 3282 523 3337 collatio
542 3284 663 3336 testatur
681 3283 742 3338 eius
762 3283 883 3354 paginae
903 3301 1012 3338 versum
1028 3285 1091 3336 XVI
1111 3299 1171 3338 esse
1190 3282 1304 3336 fabulae

156 3377 270 3414 versum
291 3366 343 3415 857
363 3362 460 3432 (vulgo
480 3377 597 3417 scaenae
613 3369 637 3414 2.
657 3365 711 3418 act.
727 3363 766 3416 III
781 3366 957 3431 extremum),
977 3364 1049 3417 hunc
1069 3362 1160 3433 excipi
1179 3380 1196 3416 a
1216 3379 1305 3416 55555

156 3457 276 3495 scaenae
306 3440 488 3511 inscriptione
512 3460 606 3497 versus
626 3441 703 3495 XVII
728 3444 757 3497 et
775 3443 867 3496 XVIII
897 3446 1064 3511 occupante,
1088 3444 1218 3497 ultimum
1248 3459 1307 3497 esse

156 3537 248 3574 novae
264 3537 383 3575 scaenae
397 3521 531 3591 primum,
544 3539 559 3575 5
574 3539 629 3590 quo
643 3525 738 3577 tamen
753 3522 824 3576 nihil
839 3522 993 3592 scripturae
1004 3524 1205 3578 Ambrosianac
1227 3523 1306 3576 affer·

157 3604 212 3654 tur.
241 3600 348 3666 Quibus
368 3602 497 3655 omnibus
515 3619 577 3656 cum
597 3619 649 3670 par
668 3600 706 3656 sit
725 3602 807 3656 fidem
827 3600 932 3668 haberi,
951 3605 1046 3657 tamen
1065 3620 1127 3657 enm
1147 3604 1221 3656 hunc
1241 3602 1305 3656 ulti·

158 3698 237 3735 mum
253 3681 501 3735 Schwaramannus
519 3680 632 3750 putavit
646 3699 706 3736 esse
720 3681 831 3736 fabulae
847 3700 872 3736 v,
884 3687 944 3747 904,
964 3682 1153 3750 satellitem,
1173 3685 1204 3735 ut
1222 3682 1306 3737 facila

158 3764 291 3830 apsparet,
316 3760 459 3815 tralaticia
484 3777 647 3814 scaenarum
674 3761 832 3831 diseriptio,
857 3761 1002 3816 exordiens
1026 3779 1060 3815 55
1083 3762 1119 3815 ab
1148 3764 1201 3816 hoc
1225 3780 1306 3816 versu

156 3858 288 3895 seaenam
304 3847 329 3894 3.
345 3844 423 3896 actus
435 3842 473 3894 III
489 3859 606 3911 eamque
621 3857 748 3896 scaenam
764 3841 817 3910 ipsi
834 3844 924 3894 versui
939 3846 990 3895 857
1007 3842 1180 3896 continuans.
1210 3843 1306 3908 Neque

158 3919 235 3973 enirn
254 3920 314 3974 ullo
334 3925 415 3990 pacto
435 3939 495 3976 esse
511 3922 628 3975 dubium
648 3923 743 3991 potest
756 3921 822 3988 quin
838 3937 872 3973 55
886 3936 996 3988 555555,
1015 3923 1093 3975 cuins
1117 3923 1206 3989 primo
1225 3939 1306 3975 versu

159 3999 265 4068 pagina
285 4005 337 4054 296
356 4001 566 4070 terminaretur,
586 4002 671 4057 frrerit
689 4001 781 4070 prima
801 4002 880 4054 actus
899 4000 936 4052 IV
957 4000 1100 4069 evulgari
1125 4001 1306 4069 discriptione

157 4081 185 4133 b,
197 4096 220 4133 5.
238 4096 272 4134 ea
292 4080 355 4149 ipsa
373 4081 452 4134 cuius
471 4100 543 4136 nunc
563 4098 645 4136 versu
659 4088 710 4137 858
730 4080 841 4134 15151515
862 4081 905 4132 lit:
926 4079 954 4131 id
970 4082 1044 4147 qnod
1060 4084 1089 4134 et
1103 4097 1229 4133 versuum
1247 4087 1306 4133 939.

157 4166 210 4213 933
241 4158 269 4212 15
299 4161 477 4229 5531115447
502 4162 673 4216 continentes
697 4166 726 4216 et
753 4161 962 4214 interiectorum
991 4159 1063 4213 inter
1087 4179 1111 4212 v.
1129 4164 1178 4211 858
1203 4165 1232 4211 55
1255 4165 1305 4211 993

157 4239 374 4293 intervallorum
403 4243 577 4310 computatio
608 4244 702 4311 (quam
730 4239 897 4309 singillatim
925 4243 1086 4306 persecutns
1110 4257 1171 4292 sum
1195 4239 1305 4306 Parerg.

157 4339 183 4388 p.
200 4323 266 4387 441)
290 4323 349 4374 tam
368 4321 484 4389 planum
503 4322 610 4375 faciunt
628 4324 660 4375 ut
678 4338 732 4375 non
752 4320 843 4390 possit
862 4323 961 4372 contra
980 4318 1063 4371 dici’.
1098 4320 1188 4387 Atque
1214 4317 1305 4386 ipsum

156 4416 181 4452 v.
199 4406 253 4453 858
273 4399 345 4469 legit
363 4400 568 4454 Studernnndns
587 4402 616 4454 in
635 4403 689 4455 fine
709 4400 837 4470 paginae.

240 4480 284 4549 **)
313 4479 431 4533 Addidit
448 4479 635 4535 Ititsehclius:
657 4481 726 4546 ‘Qui
745 4482 799 4535 etsi
818 4497 879 4533 eam
899 4478 1099 4544 membranam,
1118 4494 1189 4544 quae
1209 4479 1306 4531 certis-

156 4558 232 4611 simo
248 4560 415 4614 documento
431 4564 473 4614 est
487 4565 561 4615 recte
582 4580 598 4614 5
617 4561 697 4616 nobis
713 4562 913 4615 collocatorum
929 4575 1059 4611 versuum
1074 4563 1213 4612 904—-932
1229 4559 1306 4626 (11.5.

153 4654 278 4691 scaenae
294 4642 317 4690 3.
339 4638 441 4692 555111
461 4656 476 4692 5
497 4638 607 4709 vulgari
627 4639 826 4709 discriptione),
847 4640 1037 4707 complectens
1057 4656 1090 4692 ea
1108 4639 1226 4707 paginas
1244 4644 1304 4695 447.

153 4724 220 4784 448,
242 4734 276 4770 55
296 4717 393 4787 attigit
412 4719 535 4789 quidem,
557 4720 585 4774 in
606 4719 668 4773 aliis
688 4724 782 4774 tamen
801 4721 890 4773 multo
911 4720 991 4788 plura
1011 4737 1094 4787 quam
1114 4718 1223 4787 aliquot
1243 4726 1305 4788 liunt

153 4800 241 4851 annis
262 4813 315 4865 ego
335 4798 428 4866 legere
447 4800 552 4867 potuit:
572 4804 670 4854 contra
689 4804 773 4868 atquo
788 4801 822 4853 de
837 4799 975 4853 Psernlnlo
996 4801 1116 4853 testatus
1137 4816 1198 4852 snm
1218 4800 1304 4867 prael.

153 4899 182 4949 p.
200 4875 278 4931 XIII.
317 4877 399 4932 Cadit
416 4878 454 4948 id,
474 4882 506 4932 nt
521 4880 699 4949 frequentata
713 4898 730 4933 a
745 4898 788 4934 515
804 4883 843 4934 ris
857 4882 925 4932 5555
943 4879 1034 4946 docet,
1054 4884 1165 4949 praeter
1184 4879 1306 4948 reliquas
