2910 5528
13 35 1023 303 -

71 708 214 760 ese-sos
554 704 741 760 aprunum
1158 708 1224 774 189

69 867 197 921 traiectos
215 865 343 922 adnuit:
360 865 538 936 Niemeyerus
556 882 618 921 vero
636 866 654 920 l.
669 883 690 923 s.
704 883 725 922 s.
752 872 928 924 0989-988
944 874 1008 939 post
1021 887 1046 925 0.
1057 875 1109 925 009
1124 872 1220 941 potius

68 945 242 1002 0000000000
265 953 360 1002 cernet.
393 947 625 1002 diuersurum.
646 953 698 1002 990
721 949 869 1017 speciosius
886 966 969 1018 quan
985 951 1077 1006 verius
1098 966 1153 1005 sese
1175 967 1220 1005 ea·

70 1027 192 1094 cipiunt,
212 1043 273 1080 cum
292 1025 428 1081 Molestus
451 1025 475 1080 si
494 1042 568 1091 snm,
587 1023 698 1079 reddito
721 1029 882 1097 argenium,
906 1027 1001 1084 abiero
1027 1030 1142 1100 quadret
1156 1034 1221 1098 pust

71 1105 140 1173 Abi,
162 1121 221 1160 uon
242 1107 359 1176 quadret
381 1110 445 1175 post
468 1104 616 1174 (Molestus
640 1122 675 1160 no
699 1106 760 1175 sisu
784 1124 865 1162 nemo
888 1108 950 1183 dat:
974 1126 1028 1179 ugo
1046 1109 1114 1178 quid
1132 1109 1220 1164 lubet.

70 1186 219 1241 Praeterea
241 1188 415 1256 comparanti
438 1187 511 1241 inter
532 1201 560 1240 se
577 1203 601 1241 0.
618 1190 670 1240 988
688 1192 713 1240 et
731 1192 784 1242 970
797 1204 850 1257 sq„
869 1193 920 1242 998
940 1195 965 1243 et
983 1193 1035 1243 999
1050 1205 1087 1259 00.
1093 1230 1103 1257 ,
1127 1193 1178 1243 998
1197 1195 1222 1243 et

71 1271 135 1334 907,
153 1282 270 1336 quorum
286 1267 439 1322 similitudo
455 1266 560 1321 000090
577 1266 615 1319 00
634 1267 808 1322 dilatationis
827 1269 1102 1339 ineonprueatiaeque
1119 1269 1220 1323 iucom-

72 1347 164 1412 moda,
182 1347 298 1401 dulium
316 1364 373 1402 nou
390 1347 498 1402 ridetur
517 1347 585 1415 quin
603 1346 724 1401 diuersae
742 1349 909 1401 recensiones
927 1348 996 1403 male
1014 1348 1220 1417 complutinatae

72 1426 131 1479 sint
149 1426 294 1496 00000000
311 1442 395 1495 opera
413 1442 482 1495 0000
500 1430 603 1479 restant
622 1427 782 1492 offensiones
799 1429 914 1494 effectae.
944 1427 1012 1482 Vide
1026 1429 1116 1497 praef.

162 1509 224 1560 989.
257 1505 317 1560 Iam
340 1522 394 1575 ego
418 1504 512 1558 hercle
531 1502 683 1559 nominabo
707 1505 795 1560 illunc
816 1507 950 1576 Pylades:
973 1523 1027 1577 000
1043 1512 1149 1577 recepto
1168 1523 1221 1577 ugo

69 1602 121 1654 pro
133 1602 206 1656 enge
216 1585 330 1642 Rostius
344 1587 361 1639 l.
372 1601 393 1642 s.
402 1602 435 1653 s.,
449 1591 545 1640 eontra
556 1602 633 1655 quem
647 1586 721 1640 dreit
729 1587 849 1656 Liupius
859 1587 891 1641 de
903 1587 983 1642 hiatu
992 1605 1022 1657 p.
1030 1593 1074 1643 37.
1094 1587 1154 1642 lam
1169 1604 1221 1657 ego

70 1664 160 1720 illunc
175 1667 269 1720 hercle
283 1666 435 1720 nominabo
450 1665 496 1719 hie
515 1666 576 1735 (del.
591 1667 673 1734 euge)
689 1666 819 1737 Capetus.
835 1697 869 1706 —
884 1682 964 1736 ongo,
978 1682 1050 1737 enge
1065 1668 1094 1722 'R
1108 1667 1221 1738 Parerp.

69 1763 96 1815 0.
107 1750 172 1802 494.
187 1750 249 1802 901.
280 1746 321 1813 Cf.
333 1746 463 1802 Klotrius
475 1763 502 1815 p.
514 1750 576 1801 110.
601 1745 749 1800 Lacunam
767 1747 839 1800 iuter
856 1746 1006 1802 nominabo
1020 1752 1045 1801 et
1064 1747 1153 1817 Euge,
1166 1763 1223 1802 non

67 1831 131 1895 post
140 1827 216 1882 lurnc
224 1843 260 1894 0.,
267 1828 404 1882 statuebat
412 1826 564 1880 Muellerus
570 1842 599 1895 p.
611 1829 672 1880 000.
693 1827 736 1892 Cf.
747 1826 859 1894 Purerp.
865 1843 896 1894 p.
907 1830 962 1881 494
970 1843 1008 1896 00.
1019 1831 1044 1881 09
1052 1827 1114 1881 vide
1126 1843 1221 1897 supra.

70 1907 118 1960 Ad
133 1907 187 1960 hoo
200 1910 285 1975 00090
299 1923 324 1961 0.
335 1912 387 1962 989
401 1908 436 1972 cf.
452 1906 577 1961 Bactrius
590 1906 609 1960 l.
618 1921 639 1959 s.
649 1921 669 1959 s.
681 1909 787 1974 0157,
804 1906 841 1960 ud
855 1905 950 1961 ubiero
964 1924 988 1961 0.
999 1912 1051 1960 990
1063 1911 1126 1976 post
1136 1906 1220 1962 Mad·

70 1986 176 2057 utpium
192 1985 290 2056 Opusc.
306 1987 384 2042 acad.
395 1987 438 2039 ΙΙ
449 2003 475 2055 p.
488 1991 585 2055 8100,
603 1985 796 2040 Buechelenrm
811 1983 884 2038 Mus.
900 1983 1221 2057 19900117013400,

71 2066 144 2120 alios
165 2066 203 2133 cf.
223 2067 378 2135 Meisarlus
400 2067 433 2121 de
455 2067 508 2133 sut.
532 2083 573 2120 ex.
591 2081 645 2120 000
663 2064 708 2118 Pl.
727 2065 767 2120 ed.
786 2064 872 2118 lenae
891 2081 916 2117 a.
932 2067 1005 2119 1885
1019 2081 1049 2134 0.
1064 2069 1100 2119 13
1113 2081 1168 2135 000.

162 2151 223 2200 991.
255 2147 341 2202 norbo
365 2145 466 2216 eripite
489 2162 549 2201 cum
568 2145 617 2200 Bb
643 2145 818 2199 Camerarius
842 2142 932 2212 cipite
956 2147 997 2210 (ut
1016 2143 1136 2215 surpuit)
1154 2163 1220 2216 pro·

71 2225 208 2280 nuntians
225 2227 258 2281 in
275 2244 340 2282 ann.
367 2227 412 2295 (cf.
432 2226 594 2282 Skutsciius
613 2227 629 2279 l.
650 2243 671 2280 s.
691 2242 712 2280 s.
728 2241 758 2292 p.
774 2229 810 2278 46
828 2224 914 2293 adn).
947 2224 1033 2278 uerbo
1058 2224 1134 2295 oripo
1154 2225 1219 2281 Sca·

71 2306 149 2374 liper.
186 2306 302 2361 uerbum
322 2306 407 2377 cripit
424 2305 538 2361 Rostius
559 2304 659 2375 00000.
675 2309 783 2374 0137,
801 2302 831 2356 ai
850 2304 914 2358 olim
934 2303 1048 2374 Parerp.
1066 2322 1093 2374 p.
1110 2308 1174 2360 503.
1186 2335 1221 2346 -

73 2384 147 2440 Moe
164 2385 276 2455 prinum
291 2403 345 2455 pro
362 2387 484 2455 primum
502 2387 570 2440 mire
590 2386 746 2440 Acidalius.

163 2470 224 2520 999.
254 2465 327 2532 Quid
345 2468 377 2520 90
396 2481 469 2520 0000
487 2465 633 2519 hominum
652 2469 681 2519 90
701 2461 825 2519 omnium
843 2463 964 2535 Pylades
987 2464 1033 2534 (cs.
1052 2465 1090 2519 ad
1107 2483 1132 2520 0.
1148 2470 1219 2533 994).

72 2543 148 2610 Quid
165 2546 227 2600 9090
246 2544 395 2614 hominem,
415 2544 559 2600 hominum
580 2543 705 2599 omnium
725 2545 907 2599 Camerarius.
935 2541 1008 2609 Quid
1028 2547 1059 2598 tu
1079 2547 1116 2612 90,
1135 2544 1219 2599 homo

71 2621 218 2678 hominnm
247 2625 371 2680 omnium
398 2626 632 2680 Taubmauniana
657 2625 744 2677 altera
767 2629 791 2678 et
813 2625 911 2679 000000
936 2626 965 2678 90
992 2623 1128 2679 Gruterus
1154 2626 1221 2680 duce

72 2704 212 2759 Lambino
235 2704 337 2772 (Quidr
360 2708 392 2759 90
416 2707 445 2758 90
468 2703 610 2759 hominem
634 2702 778 2758 hominum
802 2702 926 2758 omnium
946 2705 987 2758 oel
1010 2704 1038 2757 90
1063 2705 1146 2759 homo
1166 2723 1222 2759 om·

72 2783 172 2853 nium).
209 2783 280 2850 Quid
299 2787 373 2851 9090,
398 2802 413 2838 0
433 2783 516 2836 homo
540 2782 687 2838 hominum
707 2784 829 2837 omnium
849 2784 970 2838 Bestius.
1010 2784 1099 2850 Quid?
1123 2788 1155 2839 90
1174 2784 1222 2839 900

72 2865 180 2933 (homo)
205 2865 348 2919 hominum
372 2865 497 2919 omnium
520 2863 647 2918 Botliius.
687 2863 759 2928 Quid
784 2864 824 2917 uis
848 2868 897 2918 tu?
921 2866 972 2918 900
996 2863 1140 2917 hominum
1164 2882 1222 2920 om-

72 2944 149 2998 nium
170 2944 210 3012 R,
225 2945 293 2999 ‘nisi
312 2943 384 3009 Quid
404 2944 463 2998 uis?
482 2946 532 2998 tun
552 2943 635 2998 homo
657 2943 802 2996 hominum
821 2943 945 2998 omnium
960 2945 1152 3012 praetuleris':
1171 2947 1221 3000 ubi

72 3027 123 3078 900
148 3024 271 3079 omnium
296 3024 442 3079 hominnm
465 3024 549 3078 homo
573 3024 693 3077 Brixius
717 3026 753 3077 ad
778 3023 870 3078 Τνίο.3
890 3029 961 3078 1119
980 3042 1009 3094 0.
1026 3028 1079 3078 148
1096 3026 1219 3095 itemque,

71 3106 117 3158 scd
145 3108 210 3173 tun,
234 3104 372 3172 omnium,
396 3104 562 3168 Loreneius,
585 3105 633 3181 qui
661 3105 726 3158 olim
749 3105 898 3159 admiserat
922 3104 964 3157 ais
987 3106 1036 3158 tu?
1059 3105 1164 3160 Contra
1182 3111 1221 3172 90,

72 3183 199 3238 omnium
227 3185 311 3240 homo
340 3184 484 3239 hominnm
511 3184 652 3253 Vosinpius
679 3186 710 3237 in
738 3185 818 3249 adm,
845 3190 888 3251 90,
918 3184 1070 3238 homonum
1098 3185 1220 3239 omnium

73 3265 211 3336 Berpleius
231 3267 328 3334 Opusc.
348 3267 526 3334 1014900.
548 3265 593 3331 (ef.
614 3263 774 3332 Speupelius
795 3263 826 3317 Τ.
839 3264 879 3317 Μ.
891 3265 923 3318 P.
936 3282 965 3334 0.
980 3268 1061 3333 230),
1080 3267 1119 3331 90,
1135 3282 1222 3334 qnan-

73 3350 163 3397 tnmst
190 3344 333 3399 hominum
361 3346 447 3399 homo
470 3343 623 3397 Muellerus
642 3361 670 3412 0.
688 3347 742 3398 061
762 3345 841 3411 adn,
870 3362 885 3398 0
910 3347 941 3398 90
965 3346 992 3399 h.
1013 3363 1037 3401 o.
1061 3346 1222 3416 Speupelius

73 3425 175 3479 Philol.
196 3424 288 3478 XXV
311 3442 340 3494 p.
356 3428 460 3492 171sq.
489 3424 659 3491 irreprobantc
687 3422 810 3491 Ferpero
837 3426 870 3478 de
897 3432 982 3480 vocat.
1011 3443 1064 3480 usu
1093 3426 1142 3481 Pl.
1171 3427 1221 3495 (ed.

72 3507 219 3575 Arperrlor.
239 3523 265 3558 a.
281 3507 365 3572 1889)
380 3522 411 3574 0.
427 3507 514 3571 3900.
550 3503 618 3556 Vide
632 3505 723 3571 praes.

163 3589 225 3639 994.
254 3585 428 3638 00900909οω
447 3585 509 3651 (om.
529 3586 568 3649 90)
591 3584 673 3636 etiam
696 3584 772 3637 codd.
796 3583 928 3638 Lambini
950 3602 1053 3653 munes,
1078 3586 1222 3641 Turnebus

73 3665 188 3719 Adsero.
211 3662 290 3717 XVI
307 3668 357 3729 10,
384 3662 576 3729 Wakefieldius
602 3664 639 3716 ad
667 3662 750 3718 Lucr.
770 3663 911 3732 111100,
939 3666 1059 3736 Linqius
1084 3667 1117 3721 de
1142 3667 1221 3720 hiatu

69 3762 97 3812 p.
113 3747 151 3799 55
164 3761 203 3813 00.
240 3744 413 3798 ostentatum
437 3744 513 3798 codd.
535 3743 663 3814 Pyladis.
701 3743 877 3796 externutum
902 3743 1089 3812 Camerarius,
1115 3746 1222 3798 Salma-

73 3826 141 3893 sius,
159 3823 266 3879 Dousa.
295 3823 475 3878 intentatum
494 3823 609 3891 Lipsius
628 3824 674 3891 (cf.
693 3826 730 3878 ad
752 3825 833 3882 Truc.
848 3830 925 3894 270).
959 3829 1135 3881 occentatum
1152 3826 1220 3879 Cro·

73 3907 179 3960 novius.
218 3907 410 3958 exenteratum
437 3904 557 3958 Pistoris
582 3907 617 3972 (et
640 3903 714 3958 huno
734 3922 787 3972 pro
814 3907 882 3960 huc:
909 3907 981 3975 0000
1008 3906 1058 3959 del.
1078 3904 1220 3974 Guyetus).

74 3986 257 4038 extenuatum
276 3984 396 4039 Boetius.
423 3984 465 4049 Cf.
485 3982 515 4037 ‘R
537 3983 649 4052 Parerp.
666 4001 695 4052 p.
712 3988 778 4039 502.

164 4070 225 4119 999.
258 4065 302 4118 De
324 4080 375 4118 neo
399 4062 453 4119 erit
475 4063 588 4131 quidem
613 4065 710 4132 ineptit
738 4064 891 4118 Salruasiuo
918 4080 979 4118 curu
1007 4065 1078 4117 aliis.
1116 4080 1150 4117 00
1169 4081 1220 4131 gry

73 4145 187 4213 quidem
207 4145 367 4199 Acidaliae:
385 4145 457 4213 quod
480 4161 541 4198 cum
557 4146 684 4212 proximu
708 4163 731 4198 0.
752 4145 906 4198 constructio
925 4142 955 4196 's'i
979 4144 1040 4210 (0ρῦ
1060 4144 1220 4207 Loreneius,

72 4226 221 4295 Hasperus
243 4225 349 4279 Annal.
369 4225 465 4294 09001.
488 4223 603 4279 CXXV
616 4243 645 4293 0,
662 4229 731 4291 783,
750 4226 805 4293 al).
843 4240 877 4277 ne
904 4222 965 4290 gith
992 4222 1104 4290 quidem
1131 4223 1218 4277 Lach-
1292 4243 1296 4250 ·

71 4321 201 4360 mannus.
238 4320 273 4358 00
296 4304 347 4358 trit
369 4305 483 4373 quidem
507 4306 566 4359 coll.
587 4304 693 4360 Charis.
709 4322 738 4372 p.
754 4308 826 4370 239,
845 4309 880 4357 19
904 4304 1024 4357 Eliisius
1042 4304 1059 4355 l.
1078 4319 1099 4356 s.
1114 4318 1149 4357 s..·
1172 4303 1220 4356 uiri

71 4385 121 4439 frit
146 4384 277 4453 proluunt
305 4386 387 4439 etiam
412 4401 505 4440 censor
529 4385 754 4439 Souneusclreiuii
775 4384 883 4451 ‘philol
904 4382 986 4436 Anu'
1011 4383 1092 4437 XVI
1104 4401 1134 4453 p.
1154 4386 1220 4439 320.

73 4464 198 4519 Ceterum
217 4465 252 4530 cs.
271 4464 401 4519 Klotrius
416 4483 445 4535 0.
462 4463 524 4520 331.

163 4549 217 4598 999
231 4560 285 4613 000.
319 4543 511 4599 ‘Fenestratos
535 4547 565 4598 in
589 4550 645 4598 aut.
665 4544 740 4598 codd.
761 4546 841 4598 etium
863 4543 981 4615 Pylades
1003 4545 1143 4617 scribit*),
1166 4564 1219 4617 000

71 4627 140 4680 duce
160 4642 194 4678 cx
210 4629 291 4693 parte
311 4622 499 4681 Camerarius:

162 4787 189 4856 ⁸)
216 4784 302 4840 ‘Hinc
319 4785 426 4841 lunatio
445 4787 484 4841 fit.
504 4786 568 4842 vido
588 4787 680 4841 notas'
702 4787 849 4856 adscripsit
867 4787 1017 4842 Bentleius.
