2910 5528
124 754 264 805 uss-904
607 744 792 801 APPENDIX
1199 747 1264 812 209

124 909 234 980 quidem
252 908 396 983 <sde)pol
418 906 580 962 culcitulam
600 904 723 979 (illum)
746 908 857 976 oportet
882 907 1042 978 Spenqetius
1061 908 1147 977 ‘Rei'
1165 928 1194 980 p.
1209 915 1264 966 301
1366 959 1370 966 .

124 990 295 1060 mupmante
312 989 456 1045 Skutscbio
476 986 613 1042 ‘Forsan’
635 988 656 1040 1
669 992 769 1056 p.107
788 988 852 1042 adn.

210 1090 264 1142 899
276 1103 333 1156 sqq.
363 1085 447 1140 ‘Inde
464 1085 498 1140 ab
516 1085 566 1141 boc
583 1099 607 1138 o.
626 1083 816 1138 discedendum
833 1086 890 1150 suit
908 1087 943 1141 ab
962 1085 1119 1142 Hermanni
1136 1088 1265 1157 suuncio,

155 1252 210 1308 Pes.
231 1253 388 1309 sincerius
407 1252 462 1309 sies
480 1250 624 1327 <quidem
642 1250 692 1322 pol
709 1254 742 1305 tu
759 1251 850 1325 mihi)
869 1251 942 1308 mule
959 1270 1017 1308 non
1036 1253 1121 1310 dicu.

152 1334 205 1390 Sit.
230 1335 339 1402 Quaeso
357 1334 465 1401 hercle,
484 1331 636 1401 Phanisce,
656 1332 766 1386 bbstins
786 1335 941 1388 sermbnem
961 1333 996 1388 de
1015 1333 1076 1388 istis
1095 1335 1186 1392 rebus.

151 1415 209 1471 Pm
229 1413 295 1470 Tibi
304 1414 504 1483 obtemperem,
515 1428 576 1466 cum
592 1414 625 1466 tsi
638 1411 707 1466 mihi
716 1414 857 1480 nequens?
872 1413 919 1468 ss
934 1415 966 1468 ut
979 1414 1108 1468 mecumi
1119 1414 1262 1470 sbubrsus.

152 1494 209 1549 Plu
228 1494 342 1549 Faciam
359 1495 390 1548 et
409 1490 508 1565 (ism)
525 1491 642 1562 pultsbb
662 1492 744 1546 iores.
768 1493 847 1558 heus,
867 1492 972 1562 ecquis,
991 1493 1127 1568 (ecquis)
1146 1495 1193 1549 bio
1212 1498 1264 1562 est,

227 1573 281 1638 Qui
298 1575 458 1628 minumum
477 1573 521 1628 hie
539 1570 673 1627 iniurium
692 1570 800 1626 foribus
819 1573 971 1629 defendat?
990 1574 1104 1642 ecquis?

225 1651 316 1708 Nemo
340 1652 405 1707 hinc
428 1652 541 1722 quidem
561 1650 658 1725 (huc)
677 1655 734 1707 exit
757 1651 845 1708 iosus:
865 1654 897 1707 ut
920 1669 980 1708 esse
1003 1654 1121 1710 bddecet
1144 1673 1264 1726 nequam

970 1734 1106 1804 hbminee‚

224 1811 357 1870 Itusbnts
371 1813 422 1869 sed
431 1830 465 1870 eo
475 1811 567 1882 magis
577 1814 660 1866 cauto
672 1814 763 1880 opust,
775 1828 811 1866 ne
822 1813 871 1880 qui
880 1809 1003 1887 (filino)
1013 1815 1087 1870 mule
1096 1832 1141 1870 ms
1151 1815 1264 1873 mulcet.

124 1913 172 1969 sto
191 1912 292 1983 quibus
308 1913 422 1983 scripsi:

150 2000 208 2056 ΡΗ.
227 2000 258 2055 Si
276 2000 385 2056 sbbrius
404 2000 452 2071 sis,
471 2000 544 2057 mide
560 1999 674 2075 (mihi)
689 2016 745 2054 non
764 1999 848 2055 dicus.
869 2003 943 2056 Anv.
962 2000 1083 2075 tibi<ue,
1097 2000 1249 2073 nsquam>

225 2081 433 2153 Optbmperem,
452 2097 538 2152 quom
557 2083 588 2135 tsi
607 2078 677 2133 mihi
697 2083 819 2148 sequeus
838 2078 985 2152 <linguam
1004 2081 1145 2137 abstinere
1153 2081 1187 2155 9)

150 2160 208 2215 Pu.
227 2160 267 2214 At
284 2162 325 2230 tsi,
344 2177 448 2229 quaeso
466 2162 570 2230 hercle,
588 2160 645 2215 ium
664 2159 776 2215 bbstine
796 2166 951 2216 sermbnem
970 2161 1085 2217 deictis
1104 2161 1194 2217 rebus.

225 2238 346 2309 Micam,
364 2257 502 2310 pessume,
521 2242 563 2296 ito
582 2240 726 2295 aduersus.
745 2242 820 2296 Anv.
839 2240 952 2296 Fbciam
971 2245 1000 2297 et
1018 2242 1135 2312 pultabo
1154 2240 1229 2296 soris.

260 2318 350 2390 Heus,
369 2320 464 2389 ecquis
483 2320 530 2374 hic
549 2323 599 2386 est,
615 2320 777 2373 muxumem
791 2321 840 2389 qui
859 2321 902 2375 his
921 2321 1051 2376 iniurium

261 2397 380 2453 Peribis
399 2399 550 2456 defendet?
569 2398 664 2468 ecquis
684 2399 740 2453 huc
759 2399 817 2454 exit
835 2403 920 2470 atquc
939 2402 1048 2471 aperit?

261 2477 351 2535 Nemo
369 2480 435 2534 hinc
454 2478 566 2550 quidem
585 2475 683 2550 (huc)
702 2481 759 2533 exit
778 2479 860 2535 iores.
885 2483 944 2535 isse
963 2482 996 2535 ut
1013 2481 1134 2536 addecet
1187 2530 1190 2536 .

261 2557 388 2630 Nequam
407 2561 550 2628 hbmines,
568 2561 610 2613 its
629 2559 701 2612 sunt.
727 2558 759 2613 bo
778 2559 868 2630 magis
886 2563 969 2615 cauto
989 2563 1072 2631 opust
1090 2560 1213 2635 (mihi)

261 2637 303 2692 Ne
322 2641 376 2694 huc
395 2642 491 2708 susat,
510 2637 560 2710 qui
578 2639 623 2692 me
643 2637 718 2692 mule
738 2640 855 2694 mulcet:
874 2639 992 2709 <abiero
1011 2637 1097 2710 buc.)

125 2736 172 2792 7bi
184 2753 211 2792 o.
226 2741 279 2790 896
293 2739 447 2808 temperem
461 2738 623 2793 Lambinus.
647 2735 677 2792 V.
689 2742 740 2791 897
749 2753 803 2806 sqq.
824 2740 963 2793 turbatum
977 2755 1129 2795 sermonum
1143 2740 1265 2794 ordinem

125 2817 217 2874 'ectr'us
242 2832 324 2885 quarn
342 2816 520 2872 Hermonnus
547 2817 640 2871 cmcor
664 2817 752 2871 uerbis
779 2834 886 2872 mecum
912 2835 1040 2888 pessume
1065 2818 1105 2872 ito
1130 2819 1263 2871 aduersus

125 2897 168 2950 sic
187 2894 336 2950 Gruterus:
353 2898 481 2965 pessime,
501 2896 512 2950 i
530 2896 706 2951 Camerarius
724 2902 749 2950 et
768 2896 873 2965 hercle,
893 2898 1044 2966 Phanisce,
1064 2897 1186 2965 abstine)
1202 2905 1264 2967 post

125 2973 202 3028 ebus
227 2977 402 3044 transpositis
426 2977 590 3032 emendasse:
615 2992 664 3031 nec
685 2977 745 3031 sine
768 2979 875 3032 rationo
900 2980 937 3033 ad
963 2980 1111 3034 trocbaicos
1138 2994 1264 3033 numeros

125 3069 196 3108 versu
215 3058 273 3108 898
291 3058 435 3111 transitur.
469 3057 500 3112 V.
520 3061 669 3134 899-903
690 3071 703 3109 e
721 3056 844 3111 dimetris
861 3057 986 3112 iambicis
1004 3065 1029 3112 ct
1048 3059 1193 3113 trochaicis
1212 3059 1262 3110 tri-

125 3134 208 3189 scotis
225 3135 266 3188 sic
285 3135 411 3202 (uuo-
437 3157 549 3189 cuo-
574 3142 578 3203 Ι
603 3138 762 3204 uua-)
781 3136 938 3203 omnpositos
955 3137 1174 3207 Parerq.p.445
1189 3139 1261 3191 iiioei'

125 3213 153 3268 Β.
173 3243 208 3252 -
234 3213 265 3267 V.
284 3218 337 3269 893
351 3233 389 3285 sq.
413 3218 617 3286 anapaesticum
642 3231 696 3270 esse
718 3215 924 3270 Studemundus
946 3217 1016 3271 cidit
1040 3218 1073 3271 dc
1095 3224 1168 3272 cont.
1184 3236 1213 3286 p.
1230 3224 1263 3271 71

126 3293 163 3358 cf.
183 3292 334 3348 Muellerus
359 3295 438 3351 Pros.
454 3315 484 3366 q).
500 3301 569 3363 335,
593 3296 758 3351 Luebbcrtus
782 3295 861 3352 Srua.
880 3314 993 3366 qromm
1012 3297 1052 3349 H
1067 3315 1099 3367 p.
1114 3303 1179 3353 127.
1199 3303 1265 3364 253,

125 3371 257 3428 ἶὴήηίω
276 3373 364 3430 ‘nan
383 3376 472 3430 Berm’
490 3394 519 3446 p.
534 3380 585 3441 88,
611 3376 739 3430 Klotrius
754 3394 783 3444 p.
799 3381 847 3441 71,
866 3378 928 3445 al.):
951 3378 999 3430 ubi
1018 3382 1082 3445 post
1105 3386 1265 3447 corruptum

126 3467 239 3521 sequeus
259 3457 324 3523 (pro
341 3473 394 3525 quo
413 3474 464 3511 nec
484 3474 530 3512 ess
550 3456 819 3524 Sonnenscbciniusi)
840 3456 968 3509 lacunam
986 3458 1084 3510 statuit
1104 3457 1264 3513 Lorensius.

125 3533 217 3588 Votum
239 3551 345 3590 ameum
369 3537 519 3593 Pursntsco
542 3538 686 3591 eominuut
710 3535 882 3604 Spcnqctius,
901 3537 965 3590 dein
984 3538 1059 3591 Anv.
1079 3539 1117 3590 At
1135 3539 1261 3592 scribens.

126 3612 243 3668 ictorum
269 3617 304 3680 cf.
327 3617 447 3672 Briuius
474 3618 511 3670 aa
534 3616 624 3670 Men⁸
647 3619 708 3669 501.
735 3620 796 3669 985.
828 3646 859 3655 -
884 3615 916 3670 V.
936 3622 986 3670 899
1002 3632 1056 3685 sqq.
1081 3619 1203 3672 senarios
1232 3637 1264 3672 es

126 3699 198 3748 some
219 3695 407 3751 vitiosissimos
429 3697 608 3750 continuabat
632 3695 774 3765 Kayscrus
793 3713 823 3764 qr.
839 3699 894 3749 388
918 3693 972 3764 (his
998 3694 1045 3763 qui
1072 3698 1215 3762 traiciens,
1234 3703 1265 3750 ut

126 3774 252 3844 Metus)
279 3776 393 3845 itemque
419 3776 586 3832 Submidtius
613 3777 646 3830 de
665 3792 747 3844 pron.
762 3794 792 3845 p.
808 3779 860 3844 32,
888 3792 1001 3844 quocum
1024 3776 1067 3830 his
1090 3795 1114 3831 o.
1135 3783 1186 3830 899
1214 3778 1264 3830 ciet.

126 3854 322 3909 itudemundus
340 3857 357 3911 l.
376 3873 397 3911 s.
416 3873 437 3911 s.
457 3858 501 3924 (cs.
521 3857 643 3910 decant.
658 3873 689 3924 qr.
705 3861 747 3909 71.
768 3859 814 3925 74)
839 3862 907 3909 recte
930 3857 1129 3911 adrninistrans
1148 3857 1263 3923 reliqua,

126 3936 173 3990 sisi
200 3936 272 4004 quod
302 3936 355 3989 Sed
380 3939 413 3990 eb
431 3935 522 4005 magis
551 3936 633 3988 cuuto
657 3952 727 4003 opus
752 3937 806 4003 est,
829 3953 864 3989 ne
887 3934 1089 4005 1111811111οὴ1,
1114 3935 1162 4001 qui
1190 3933 1263 3986 male

126 4031 160 4069 ne
188 4015 295 4068 mulcet
321 4017 481 4085 dispescuit,
506 4031 571 4085 quos
593 4016 693 4069 rectius
716 4017 846 4070 distinxit
872 4016 1030 4083 Spenqolius
1051 4014 1137 4079 ‘Rufi'
1155 4019 1263 4082 11391.

126 4098 178 4148 104.
198 4098 252 4148 319
271 4096 362 4164 (aliter
380 4093 612 4166 untea[Forib1'1s
632 4095 777 4162 defendet,
797 4095 894 4163 ecquis
914 4095 1007 4161 ecquis
1028 4092 1085 4146 exit
1103 4094 1158 4145 huc
1178 4094 1262 4160 atquo

126 4173 226 4243 sperit?
249 4172 339 4229 Nemo
362 4173 428 4229 hinc
451 4173 564 4243 quidem
588 4176 663 4229 forus
687 4176 757 4241 exit,
781 4192 841 4229 esse
864 4177 897 4226 ut
915 4204 948 4213 —
967 4175 1007 4228 oct
1030 4174 1071 4225 itu
1096 4176 1126 4227 ut
1146 4187 1207 4225 esse
1227 4201 1261 4211 —

126 4253 236 4308 uidecst
255 4270 376 4323 nequam
394 4254 521 4310 hbmines
541 4254 582 4308 ita
602 4258 672 4308 scint.
702 4255 756 4308 de
772 4272 804 4308 eo
824 4254 914 4323 magis
934 4254 1042 4306 ceutbst
1057 4268 1136 4320 opus,
1155 4267 1190 4305 ne
1207 4251 1261 4304 huc

126 4336 198 4388 'xeut
216 4333 266 4403 qui
284 4335 357 4389 mile
376 4354 420 4390 mc
440 4336 556 4408 mulcet]
576 4337 675 4391 Pbitoi.
690 4338 705 4399 i,
722 4352 742 4388 ε.
758 4339 803 4402 s),
821 4335 913 4387 tainus
930 4338 998 4387 recto
1015 4349 1040 4386 o.
1055 4336 1106 4385 899
1120 4347 1175 4400 sqq.
1195 4331 1259 4384 add.

126 4431 187 4469 tunc
196 4419 262 4484 post
276 4414 324 4482 qui
338 4415 382 4468 his
398 4416 546 4472 licinianos
560 4419 671 4482 socieris.
691 4416 737 4469 Ab
754 4433 778 4468 o.
795 4422 843 4468 991
860 4415 894 4478 cf.
909 4413 1032 4466 Bactrius
1051 4413 1067 4465 l.
1081 4429 1102 4466 s.
1117 4429 1138 4465 s.
1154 4429 1184 4480 p.
1194 4414 1262 4476 203,

126 4496 153 4550 ut
171 4500 258 4550 totum
277 4496 374 4563 mcum,
392 4499 418 4551 si
437 4499 509 4552 tonti
528 4504 574 4561 est,
595 4497 767 4550 Sobenkeb'us
786 4494 863 4548 Stud.
886 4494 929 4545 Pi.
945 4510 974 4560 p.
991 4497 1026 4546 60
1045 4492 1135 4561 [656]
1149 4509 1202 4560 sqq.

205 4588 267 4638 904,
301 4583 389 4638 uisum
417 4589 460 4640 est
479 4584 576 4659 (hoc)
599 4582 772 4639 mercimonii
792 4583 920 4652 Pylades.
958 4581 1076 4634 uisumst
1100 4580 1263 4635 mercimoni

126 4667 188 4739 [hoc
204 4665 288 4739 esse>
307 4664 337 4718 it
356 4667 474 4720 addens:
495 4667 562 4732 ‘fuit
577 4668 625 4737 qui
640 4669 816 4734 proponeret:
836 4662 926 4715 uisum
942 4660 1038 4733 (hoc)
1054 4660 1264 4716 mercimonist?

127 4746 167 4802 11.
187 4743 334 4818 (edepol)
353 4747 428 4799 totus
446 4745 586 4815 gaudeo':
603 4745 653 4798 ubi
670 4745 755 4809 totus,
775 4744 850 4797 totus
872 4741 1007 4797 Gruterus
1025 4743 1067 4811 (ut
1084 4743 1169 4813 solet),
1189 4746 1263 4797 totus

127 4824 246 4896 quidem
266 4823 389 4878 Eitisius
404 4843 434 4894 p.
450 4829 512 4891 173,
532 4824 656 4878 Mihine?
675 4824 751 4877 totus
770 4823 913 4878 Palmerus
927 4823 1067 4877 Hermatb.
1090 4823 1141 4876 XI
1156 4842 1184 4892 p.
1200 4827 1262 4878 312,

166 4927 264 4965 suum
279 4925 456 4965 Mossscusum
1018 4920 1048 4967 14
