2910 5528
159 394 224 450 XIV
631 392 836 449 PRAEFATIO

163 558 328 624 Gravioris
353 559 509 624 momenti
534 565 597 644 est,
620 560 705 644 quod
728 581 757 624 v.
777 558 856 643 784,
879 558 934 624 ubi
957 558 990 622 A
1015 574 1140 627 eursmc
1161 554 1306 641 praebet,

160 665 221 730 has
244 687 339 732 voees
363 666 519 731 omittunt
543 664 621 749 OD,
642 665 692 732 lrr'c
714 670 842 730 tanturn
866 663 990 730 omittIt
1011 662 1061 747 B,
1089 664 1125 728 in
1148 683 1214 748 quo
1235 663 1306 745 qais

164 772 260 837 facile
284 773 428 856 suppleri
451 776 580 856 poterat
604 795 623 837 a
646 771 789 839 librario.
818 771 881 836 Sed
904 771 1005 836 etiam
1027 789 1151 841 commo
1174 746 1327 834 litterae⁸

160 901 264 962 nequa
288 879 437 944 lacunam
461 902 500 944 ex
523 901 618 945 versu
643 880 794 966 opposito
819 875 1069 966 (rmooroann)
1096 878 1304 962 conspicuam

160 986 291 1068 explent
310 1008 414 1071 neque
434 990 537 1051 metro
557 987 757 1052 restituendo
777 986 943 1053 sufficiant
962 984 1050 1069 (vide
1067 982 1182 1070 infralr
1205 1006 1306 1070 quare

155 1112 253 1174 prope
276 1091 384 1156 addidi
406 1092 456 1157 lrr'c
478 1092 656 1177 particulae
680 1092 734 1178 (of.
753 1093 875 1158 similes
894 1092 982 1157 locos
1004 1089 1074 1156 Mil.
1096 1090 1193 1158 1258.
1215 1090 1304 1156 Pers.

159 1197 211 1263 99.
239 1197 320 1263 Rud.
340 1200 391 1264 97.
420 1198 536 1265 Bacch.
557 1200 656 1283 1104,
680 1200 734 1264 al:
758 1222 833 1264 nam
857 1199 1022 1284 geminum
1045 1199 1230 1282 exemplum
1253 1219 1304 1263 ex·

159 1309 228 1369 tare
255 1327 322 1370 non
350 1306 491 1390 videtur,
519 1306 574 1370 sed
602 1309 671 1390 puts
697 1309 839 1373 omniaot
869 1327 916 1372 me
946 1304 1063 1370 dicitur
1092 1305 1164 1370 sine
1192 1304 1244 1371 aa
1272 1311 1304 1370 et

151 1410 275 1497 mone)-
342 1452 345 1458 ·

248 1517 320 1585 Hoc
344 1520 415 1585 loco
439 1542 511 1586 curn
536 1521 658 1607 aliquid
681 1522 797 1587 viderit
821 1520 1102 1605 Gundermannus,
1124 1520 1193 1584 ianr
1215 1518 1304 1605 Scyt-

154 1625 256 1690 fertus
290 1627 524 1694 demonstrarit
556 1627 710 1693 fefellisse
745 1650 819 1693 eum
852 1628 1052 1713 opinionem,
1084 1648 1157 1692 cum
1190 1627 1303 1693 eadam

153 1733 279 1799 ratione
303 1735 436 1800 lacunas
457 1756 606 1801 versuum
630 1735 804 1801 865-867
826 1739 859 1800 et
882 1735 955 1800 883.
980 1734 1054 1800 802.
1078 1734 1145 1800 803
1168 1734 1233 1799 sibi
1255 1756 1301 1800 rc

153 1839 312 1923 spondere
340 1845 500 1907 statueret
527 1843 558 1907 in
589 1842 738 1925 proximo
766 1841 860 1926 folio,
888 1840 974 1927 quod
1001 1862 1030 1907 v.
1052 1841 1239 1907 848-867
1269 1846 1302 1907 et

153 1946 346 2014 868-883.
371 1950 444 2016 802.
469 1950 534 2015 803
558 1950 763 2017 continuerit.
800 1947 914 2033 Neque
938 1948 1024 2014 enim
1046 1948 1183 2013 lacunae
1211 1949 1301 2033 ipsae

155 2054 235 2118 satis
259 2055 345 2119 inter
368 2078 401 2120 se
427 2063 619 2141 congruunt,
644 2057 671 2121 si
696 2057 824 2142 quidem
849 2056 914 2121 iam
938 2078 968 2120 v.
987 2055 1053 2121 864
1077 2059 1190 2140 aperte
1214 2056 1301 2122 lacu·

156 2181 255 2226 noaus
279 2162 341 2226 fuit
364 2161 476 2249 (atque
497 2164 593 2228 etiam
613 2187 641 2228 v.
658 2165 723 2230 804
743 2163 866 2228 accedit
884 2158 1041 2247 defectus)
1064 2182 1171 2247 neque
1192 2163 1300 2248 spatia

155 2268 269 2350 spatiis
294 2270 497 2334 conveniunt.
529 2270 642 2335 Nihilo
667 2272 773 2335 minus
797 2268 1065 2355 proficiscendum
1088 2275 1168 2352 puto
1187 2291 1210 2334 a
1233 2291 1300 2335 sen·

153 2374 256 2438 tentia
279 2373 531 2440 Girudermanni.
567 2375 651 2440 Nam
676 2381 709 2440 et
731 2396 842 2440 versus
865 2377 1038 2440 lacunosos
1062 2375 1242 2442 864-867
1266 2376 1299 2440 in

152 2481 214 2544 tine
247 2482 386 2567 paginae
417 2482 583 2567 proximae
616 2480 687 2569 (fol.
707 2480 768 2569 IX)
802 2482 949 2546 extitisse
981 2481 1153 2567 probabile
1185 2488 1238 2548 cat
1267 2485 1300 2547 et

156 2588 245 2653 casui
272 2587 372 2653 tribui
396 2590 523 2674 nequit,
547 2589 633 2675 quod
661 2595 737 2673 post
758 2587 837 2654 XIV
862 2610 985 2671 versus,
1010 2588 1066 2672 qui
1094 2587 1193 2654 facile
1222 2588 1299 2654 oliin

152 2716 191 2759 ex
215 2694 279 2758 alia
298 2694 510 2778 discriptione
534 2697 649 2761 cantici
669 2695 765 2761 XVII
787 2716 942 2779 occupare
961 2693 1194 2782 potuerunt*),
1217 2695 1299 2760 redit

150 2800 277 2865 lacuna
317 2800 433 2887 Itaque
457 2824 530 2867 eum
554 2801 825 2867 Gundermannus
849 2803 1001 2886 opinatus
1030 2801 1074 2867 sit
1102 2824 1142 2867 ex
1172 2802 1297 2868 defectu

151 2930 177 2971 v.
202 2909 284 2973 883:

256 3013 1132 3087 nosrauuonruoarsrax(nor>anornmuuuouxnnaun

151 3113 406 3178 concludendum
429 3135 500 3178 esse
524 3137 551 3180 r.
572 3116 637 3180 865
659 3116 742 3181 nihil
767 3115 979 3200 intercidisse,
1003 3115 1068 3181 nisi
1090 3116 1198 3181 velut:

255 3217 821 3293 anonxrxxrxrx1n<no1u>normann

154 3353 191 3362 -
209 3318 294 3402 quod
308 3340 411 3401 neque
427 3341 538 3384 versus
554 3319 698 3385 admittit
713 3342 816 3404 neque
830 3321 990 3385 sententia
1004 3356 1057 3406 -,
1071 3322 1216 3405 primurn
1231 3322 1299 3409 qui-

151 3425 223 3488 dem
252 3425 445 3490 monendum
470 3430 519 3490 est
547 3449 750 3511 nequaquam
774 3431 898 3492 certum
922 3449 991 3492 esse
1014 3451 1044 3492 v.
1063 3429 1130 3494 883
1157 3429 1208 3494 nil
1237 3430 1298 3495 uisi

149 3551 207 3593 nor
236 3532 360 3597 litteras
389 3533 512 3617 deesse,
541 3556 621 3619 quas
645 3534 700 3598 Bb
728 3534 889 3619 supplerit
912 3556 951 3599 ex
979 3534 1069 3600 facili
1098 3536 1298 3602 coniectura:

147 3661 223 3703 nam
252 3640 360 3724 potuit
383 3646 492 3704 extare
515 3646 856 3720 ern<noaoor>nnoum
895 3641 1018 3706 Deinde
1043 3663 1120 3707 vero
1144 3641 1230 3707 banc
1252 3643 1296 3707 la·

148 3769 264 3811 cunam
293 3747 551 3829 comparabimus
580 3748 688 3831 potius
712 3769 784 3812 cum
807 3771 837 3814 v.
857 3749 922 3814 864
946 3748 1073 3815 defectu
1098 3747 1171 3833 (ubi
1194 3768 1295 3811 xsoxo

148 3853 250 3936 exigit
273 3853 464 3939 sententia):
489 3855 543 3939 qui
567 3856 674 3938 potuit
697 3877 774 3920 sane
802 3856 850 3921 ita
872 3854 1025 3920 collocari
1047 3855 1082 3920 in
1106 3856 1295 3944 archetypo,

147 3963 184 4022 ut
209 3960 315 4024 media
342 3960 459 4025 lacuna
483 3962 658 4046 septenarii
682 3963 838 4027 trochaici
862 3966 1057 4047 congrueret
1079 3985 1154 4030 eum
1178 3966 1295 4031 lacuna

235 4185 260 4252 *)
283 4186 366 4241 Velut
384 4205 434 4257 per
453 4190 525 4244 hanc
545 4189 756 4260 discriptionem
776 4190 817 4258 (in
834 4209 890 4261 qua
907 4190 1004 4246 littera
1022 4192 1187 4250 maiuscula
1204 4198 1233 4253 B
1250 4214 1296 4252 co·

147 4264 218 4318 dicis
237 4265 399 4335 interstitia,
419 4267 539 4322 lineolae
558 4269 706 4340 pristinam
722 4269 929 4326 distinctionem
944 4270 1095 4341 indicano:
1116 4274 1206 4331 ‘Nam
1223 4294 1296 4332 anuo

148 4344 223 4397 domi
241 4346 355 4399 nostrae
380 4349 423 4400 tot
441 4350 565 4416 pessumi
591 4349 693 4405 uiuunt
705 4351 714 4420 Ι
728 4351 825 4406 Peculi
844 4353 887 4405 sui
905 4351 1018 4422 prodigi
1035 4353 1214 4426 plagigeruli
1225 4360 1236 4428 Ι
1248 4357 1296 4412 ubi

148 4422 300 4476 aduoreum
323 4426 356 4478 ut
379 4429 444 4480 eant
461 4428 696 4503 flVoo<it>autur
720 4448 767 4485 cro
781 4435 790 4502 Ι
804 4448 859 4486 ιιοιι
883 4448 915 4487 eo
938 4431 1075 4489 molestus
1099 4452 1135 4491 ne
1155 4436 1295 4509 sisIScio

151 4502 227 4572 quod
245 4519 378 4573 properas
397 4509 485 4575 gestia
499 4509 594 4578 aliquo
608 4513 618 4580 Ι
632 4511 688 4567 iam
707 4512 801 4566 hercle
820 4510 860 4567 irc
875 4510 917 4567 uis
935 4513 1013 4569 mula
1031 4514 1108 4570 torax
1125 4519 1280 4589 pastnmss’.
