2910 5528
564 849 771 905 PRAEFATIO
1182 851 1233 905 XV

84 1018 180 1084 finali
207 1040 324 1084 versus
353 1018 451 1102 paulo
480 1014 643 1080 brevioris.
686 1013 749 1080 Sed
772 1015 912 1101 eogitari
939 1019 1051 1100 potest
1074 1015 1172 1081 etiam
1196 1015 1234 1081 de

83 1126 149 1192 tali
172 1149 201 1193 v.
218 1127 288 1192 864
310 1122 578 1190 conformatione:

155 1243 981 1317 rucmsrunsnoaroume<aaoso>ouonuaeuaunr(vel
992 1247 1198 1314 uouoununr).

85 1359 138 1425 nt
160 1357 208 1423 sie
234 1356 361 1424 lacunis
383 1376 534 1421 versuum
558 1354 741 1420 865-867
771 1377 853 1440 quae
880 1377 945 1421 non
973 1359 1147 1439 potuerunt
1168 1378 1236 1421 non

25 1538 28 1542 Α
86 1465 260 1550 aliquanto
293 1465 432 1530 maiores
470 1459 600 1547 esse*),
632 1462 713 1526 nihil
750 1461 944 1546 respondere
982 1462 1122 1528 videtur:
1159 1485 1234 1528 nam

85 1595 118 1638 v.
138 1572 206 1638 802
219 1594 266 1657 sq.
290 1572 356 1637 804
380 1597 421 1616 -·
445 1568 542 1634 huius
566 1569 651 1633 enim
675 1569 817 1634 deiectus
842 1571 903 1634 etsi
927 1592 984 1655 per
1008 1591 1042 1634 se
1066 1570 1160 1635 aliter
1184 1592 1235 1634 ex·

88 1678 209 1764 plicari
225 1679 340 1763 possit,
358 1680 466 1742 tamen
485 1675 751 1760 praecedentibus
772 1677 896 1742 lacunis
915 1678 1035 1761 apertis
1053 1678 1233 1743 necessario

87 1786 157 1852 iere
186 1786 228 1852 ad
257 1785 396 1851 similem
425 1804 557 1850 causam
585 1782 782 1848 revocandus
810 1787 859 1848 est
890 1821 926 1830 —
956 1785 1046 1850 nullo
1077 1784 1172 1850 modo
1200 1786 1235 1849 in

88 1915 225 1960 censum
245 1891 354 1958 venire
377 1894 516 1976 possunt
537 1892 671 1974 propter
689 1891 850 1956 rationem
868 1891 1142 1957 detrimentorum.
1173 1889 1235 1957 Sed

87 1998 307 2086 reputandum
329 2003 380 2064 est
407 2019 480 2063 eum
503 2018 576 2062 eum
600 2017 727 2062 versum
751 1998 808 2082 qui
831 2020 869 2062 ex
897 1999 1054 2064 sermonis
1083 1999 1166 2063 serie
1190 2020 1236 2065 se

91 2108 205 2193 quitur
227 2110 261 2172 et
282 2105 446 2172 artissime
469 2103 670 2189 adiungitur,
694 2104 773 2189 884,
797 2126 862 2170 una
885 2127 957 2170 cum
980 2106 1121 2188 proximi
1143 2106 1239 2172 initio

90 2238 112 2280 a
135 2218 317 2281 ceterorum
345 2211 500 2277 societate
527 2210 624 2295 plane
648 2210 810 2275 divulsum
833 2211 1045 2296 circumferri,
1069 2218 1138 2277 tum
1162 2234 1238 2279 vero

89 2322 180 2387 inter
205 2319 293 2387 hunc
318 2320 426 2406 ipsum
449 2340 479 2382 v.
498 2317 565 2384 884
588 2321 620 2382 et
643 2317 808 2401 proximae
833 2339 968 2384 scaenae
991 2319 1157 2385 exordium
1184 2320 1239 2385 ali·

90 2428 170 2514 quid
194 2425 380 2493 desiderari.
409 2424 496 2491 Nam
520 2424 672 2508 quoniam
696 2423 844 2488 ‘alterius
864 2425 1090 2491 aduorsitoris'
1114 2448 1244 2509 nomen,

90 2536 148 2620 qui
168 2556 245 2601 mox
264 2556 337 2599 eum
357 2531 516 2597 Phanisce
537 2535 570 2594 et
588 2534 703 2616 postea
721 2553 795 2596 cum
813 2531 1038 2615 Theopropide
1062 2533 1241 2617 cavillatur,

90 2640 308 2707 Studemundi
335 2661 433 2724 opere
458 2657 594 2699 -nrsseu-
619 2658 657 2701 ex
686 2659 820 2703 scaenae
844 2639 1052 2723 inscriptione
1076 2640 1110 2704 in
1133 2641 1165 2704 A
1189 2662 1242 2704 ex-

89 2748 252 2834 piscantis
271 2747 448 2812 certissime
467 2745 639 2809 restituere
662 2744 754 2828 potui
778 2750 946 2829 Pmncrun,
969 2750 1082 2810 nostro
1102 2747 1170 2810 iure
1190 2768 1242 2810 ex·

90 2861 263 2942 pectamur
285 2854 415 2939 inipso
439 2856 591 2917 contextu
614 2851 676 2915 hoc
699 2873 817 2916 nomen
841 2852 904 2936 legi
915 2851 980 2936 **),
1004 2853 1059 2945 ubi
1080 2875 1241 2937 nusquam

89 2965 269 3047 comparet
299 2960 384 3026 Item
407 2965 536 3046 praeter
556 2980 677 3024 morem
697 2963 773 3042 post
791 2958 890 3023 verba
913 2959 1004 3025 Solus
1028 2981 1110 3024 accere
1131 2981 1163 3024 eo
1186 2962 1240 3025 ad·

94 3089 307 3097 ——-.-·-.-.-

181 3148 209 3215 ⁸)
238 3145 357 3215 Propter
379 3145 451 3199 hanc
474 3144 565 3213 ipsam
590 3142 728 3196 rationem
752 3144 799 3213 (ad
818 3161 902 3211 quam
921 3145 1058 3198 accedunt
1077 3144 1160 3213 aliae)
1184 3163 1240 3199 uon

87 3226 222 3297 procedit
239 3226 383 3296 responsio
403 3241 487 3294 quam
506 3222 580 3278 inter
598 3239 729 3276 versuum
749 3228 808 3278 844.
829 3229 890 3278 845.
909 3229 960 3277 eei
982 3228 1010 3278 et
1029 3230 1176 3280 865-867
1200 3222 1241 3279 la-

87 3323 178 3362 cunas
198 3305 343 3361 statuebat
362 3302 522 3374 Seyffertus.

166 3384 209 3452 ⁸²)
239 3384 375 3440 Similiter
392 3381 517 3439 iudicavi
534 3383 621 3451 praef.
642 3381 704 3438 Cas.
723 3401 751 3452 p.
770 3383 848 3439 XVII
867 3385 902 3438 de
922 3385 982 3440 coci
1000 3385 1112 3440 nomine
1132 3386 1240 3441 Cremo

88 3486 106 3521 a
126 3464 323 3520 Studemundo
342 3462 471 3533 quamvis
491 3462 653 3518 dubitanter
672 3464 805 3533 reposito.
835 3464 916 3530 Quod
935 3466 1054 3521 totidem
1073 3465 1176 3521 litteris
1195 3484 1242 3520 ex-

86 3550 150 3600 tare
175 3559 242 3599 mox
266 3544 327 3614 ipse
346 3542 417 3612 vidi,
436 3558 499 3596 cum
517 3543 582 3611 post
600 3542 707 3596 editam
728 3557 745 3596 a
768 3558 813 3596 me
838 3543 963 3597 fabulam
983 3544 1108 3598 codicem
1127 3546 1154 3598 A
1173 3559 1241 3599 non·

86 3624 176 3680 nullis
197 3622 269 3679 locis
288 3625 487 3678 retractarem:
506 3620 589 3677 simul
607 3639 672 3678 vero
698 3620 826 3677 intellexi
845 3623 899 3678 huc
918 3625 1084 3679 trahendam
1104 3640 1163 3679 esse
1182 3641 1240 3680 me-

88 3705 212 3758 moriam
235 3720 334 3758 rersus
358 3708 411 3756 ⁷44
425 3720 465 3771 sq.
485 3719 601 3772 propere
624 3705 678 3758 cito
701 3705 779 3757 intre
802 3705 839 3757 ite
857 3710 881 3758 et
903 3706 957 3759 cito
980 3707 1165 3774 deproperate:
1193 3705 1241 3759 nbi

88 3800 154 3838 cum
178 3783 285 3852 duplex
308 3784 361 3837 cito
384 3781 451 3835 ferri
474 3784 606 3850 nequeat,
626 3799 660 3836 ex
686 3783 779 3852 priore
800 3781 931 3855 Cit<ri>o
955 3784 1161 3839 restituendum
1180 3802 1240 3840 esse

88 3882 123 3920 eo
147 3863 262 3917 facilius
285 3862 413 3933 persuasi
432 3860 546 3917 Goetzio
565 3878 640 3931 meo,
661 3861 728 3931 quia
748 3862 802 3916 hoc
821 3866 905 3931 pacto
925 3881 980 3918 nen
998 3866 1081 3919 modo
1101 3866 1239 3920 desiderio

88 3944 125 3998 de
144 3941 261 3999 nomine
281 3941 441 3997 adhibendo
461 3941 662 4009 satisfacimus,
685 3959 781 3996 verum
801 3941 886 3997 etiam
906 3960 1017 3997 versum
1038 3946 1240 4014 (septenarium

88 4022 317 4093 anapaesticum)
337 4021 473 4078 facillime
491 4020 672 4077 restituimus.
698 4024 805 4077 Iterato
824 4023 944 4078 lectione
965 4024 1035 4077 illud
1050 4042 1161 4092 quoque
1177 4043 1240 4079 con-

88 4108 202 4158 firmare
231 4102 325 4172 potui,
349 4103 423 4171 quod
451 4101 487 4157 ad
511 4120 537 4156 v.
552 4108 603 4155 961
634 4106 673 4170 (et
696 4102 784 4172 praei.
809 4122 836 4173 p.
853 4103 942 4157 XVlll
962 4104 1036 4171 adn.)
1065 4105 1099 4156 de
1127 4111 1195 4158 nota
1223 4123 1240 4159 u

94 4181 292 4239 Studemundo
310 4182 441 4252 neglecta
459 4181 523 4235 dixi.
552 4182 697 4237 Permulta
715 4200 777 4237 cum
793 4183 999 4238 Studemundus
1018 4184 1119 4237 rectius
1139 4183 1240 4251 legerit

90 4295 123 4303 -
143 4262 221 4334 quod
246 4260 413 4332 singillatim
431 4262 566 4317 adnotare
589 4262 662 4317 nihil
682 4261 798 4329 attinet,
824 4263 956 4330 quoniam
976 4279 1084 4330 semper
1108 4261 1151 4314 illi
1170 4262 1238 4317 fides

88 4343 223 4399 habenda
246 4344 301 4408 est,
325 4342 413 4396 donec
436 4345 500 4412 post
523 4361 586 4398 eum
605 4341 765 4412 inspicienti
784 4340 866 4396 aliter
885 4342 993 4410 aliquid
1012 4343 1174 4411 apparuerit
1194 4375 1235 4410 -,

88 4423 133 4477 his
159 4422 231 4478 loeis
258 4421 318 4476 ridi
343 4421 379 4475 ab
405 4421 455 4477 illc
481 4421 679 4478 discedendum
705 4438 781 4476 esse:
809 4443 834 4478 v.
860 4430 893 4476 52
921 4437 1101 4478 annnorum
1129 4427 1237 4478 certum

88 4503 179 4571 (nullo
198 4502 282 4556 modo
296 4506 357 4572 aa),
377 4508 411 4557 66
430 4516 618 4559 sassrrsuun
633 4508 701 4571 (non
714 4505 767 4571 rr),
788 4509 839 4556 114
857 4517 1088 4557 arsuraacunnro
1108 4509 1139 4571 (u
1154 4506 1239 4572 poulo

88 4582 206 4651 latiore,
225 4599 283 4637 non
301 4585 360 4652 ur),
384 4587 435 4637 164
455 4597 516 4638 s1r1
534 4583 592 4655 (vix
610 4587 673 4651 ra),
700 4589 749 4637 183
769 4598 866 4647 osani
886 4582 974 4652 (nullo
994 4583 1076 4636 modo
1096 4586 1161 4652 nu),
1188 4589 1239 4636 544

87 4677 340 4730 srnrzpanrpnono
364 4663 447 4731 (unde
472 4670 496 4719 tc
519 4665 582 4718 nolo
605 4662 728 4718 restituit
747 4662 899 4732 Gaetulus),
925 4670 975 4717 666
995 4677 1239 4726 Quororooans'r

88 4748 208 4810 certum,
228 4749 280 4797 573
301 4758 401 4797 sacar
415 4742 505 4812 (nullo
520 4744 602 4799 modo
616 4748 741 4812 sacar),
762 4751 813 4797 664
832 4758 945 4810 aan'rnr
963 4742 1019 4810 (vix
1034 4750 1079 4810 rr),
1099 4749 1150 4797 633
1170 4758 1239 4797 enn-

86 4837 163 4880 rum
183 4824 241 4890 (vix
260 4827 330 4889 n)‚,
354 4828 387 4876 32
407 4836 447 4877 01<
465 4826 532 4893 (non
550 4826 628 4893 otss),
657 4829 708 4877 633
732 4829 976 4891 ammsrmranrtt
1001 4823 1058 4893 (vir
1080 4828 1240 4894 praecarer),

87 4910 140 4958 646
159 4916 272 4971 maspp
288 4902 346 4970 (vix
361 4907 426 4971 up),
441 4908 492 4958 654
511 4909 760 4974 recompendium
777 4910 912 4972 nooasc),
928 4911 979 4959 668
998 4918 1238 4972 ῙΝΤΕΒΜῑΝᾼΤυΒ

85 4985 144 5053 (vir
164 4982 526 5053 madaurensemurnan,
551 4989 601 5037 661
623 4999 680 5038 cua
698 4985 754 5055 (vir
775 4988 860 5055 Qua),
885 4992 935 5039 670
954 4998 1170 5055 nnnaaaurnsa
1191 4989 1238 5057 (sn
