2910 5528
101 39 1099 297 u

155 683 167 735 1
186 691 216 752 s,
235 688 349 737 se-ee
627 681 823 737 eoeevsvs

628 843 827 898 seminemus

198 935 334 1012 Quiesce
358 955 445 1023 ergo.

632 1097 824 1152 Anemmsm

456 1191 542 1255 Amo
564 1192 607 1254 te.

628 1345 825 1399 Auseesewue

624 1434 686 1501 Sed
710 1438 771 1501 hie
793 1459 879 1501 nune
902 1434 1072 1519 responde:

162 1526 168 1537 ’
201 1543 331 1610 Adaeus
353 1546 462 1647 emnia
485 1544 547 1630 hie,
570 1567 650 1635 quae
674 1544 714 1612 od
739 1543 832 1608 desim
856 1564 968 1631 pacem
991 1544 1120 1627 eportet

200 1652 345 1720 Adesse?

634 1778 825 1831 Anmnssme

369 1869 486 1935 Omnia
509 1868 639 1933 idsunt:
665 1889 738 1932 eum
761 1871 837 1932 edre
862 1867 1018 1933 aeeurdui.

152 2099 180 2154 A
200 2099 300 2168 quibus
317 2100 449 2170 qumnede
466 2097 568 2167 reliqui
585 2097 737 2166 discrepent
754 2099 872 2167 einpulis
889 2099 1010 2152 versibus
1028 2099 1207 2152 eductabitur

158 2177 190 2233 V.
211 2185 316 2249 250sq.
340 2181 381 2234 sie
398 2181 604 2247 discripsimus:
630 2178 696 2232 libri
713 2184 745 2231 ut
758 2177 799 2242 B,
818 2180 874 2232 nisi
892 2180 964 2248 quod
981 2178 1053 2233 Adel
1068 2195 1121 2248 pro
1139 2179 1229 2248 spolio
1248 2177 1298 2243 D‘,

152 2263 224 2328 opat.
240 2275 290 2312 orn.
306 2258 336 2326 0,
355 2259 456 2313 amabo
472 2257 543 2324 ΡΖ,
563 2259 606 2311 est
619 2258 691 2311 istuc
706 2257 778 2323 1³2,
798 2258 866 2312 estis
884 2262 915 2313 tu
934 2257 1020 2313 solies
1040 2259 1075 2325 G,
1096 2261 1138 2313 est
1155 2257 1299 2311 isluealies

153 2354 188 2392 eu
207 2337 276 2392 estis
294 2338 414 2392 tueeiies
433 2339 477 2405 D,
504 2343 575 2406 spat.
595 2343 658 2391 ante
676 2354 710 2390 ee
729 2354 778 2390 οηι.
800 2338 869 2404 GD,
898 2340 1042 2393 nenosmet
1061 2337 1095 2404 0,
1123 2336 1249 2391 innostro
1268 2335 1298 2402 0,

153 2415 244 2471 eciam
256 2416 285 2483 0,
300 2417 386 2471 etiarn
397 2418 435 2484 D,
449 2419 546 2471 nostru
555 2419 651 2472 emisso
661 2417 690 2471 in
701 2418 731 2471 F
736 2419 768 2483 Z,
785 2420 881 2472 utiam
890 2433 941 2485 pre
952 2415 1050 2472 sitiam
1059 2416 1110 2470 OD
1118 2416 1230 2471 liabent.-
1243 2430 1298 2467 ees-

152 2497 215 2552 dcm
231 2498 272 2551 sie
290 2499 400 2551 metitur
413 2496 592 2551 Ritsclcelius:
612 2496 702 2564 Soror,
723 2516 812 2567 perce,
833 2497 942 2553 ambbe,
975 2496 1026 2549 Sat
1043 2495 1088 2549 eet
1101 2495 1192 2548 dicere
1207 2493 1276 2546 elios
1289 2492 1298 2560 b

153 2576 243 2631 Istic:
263 2578 373 2631 nosmet
390 2578 425 2630 ne
439 2577 536 2630 nostre
549 2575 621 2630 uitia
635 2578 798 2646 eloquimur
812 2585 837 2633 ct
850 2582 890 2631 sic
904 2576 1077 2644 Spenpelius:
1097 2575 1188 2638 Soror,
1207 2586 1299 2640 poree,
1327 2615 1333 2625 ,

152 2654 264 2710 ambbo.
298 2655 500 2710 essentiatus
519 2655 590 2710 alies
603 2660 613 2724 b
626 2658 733 2713 Dicere.
766 2661 796 2712 at
814 2656 894 2712 nobis
912 2659 965 2722 (cel
983 2657 1055 2710 inter
1073 2671 1124 2709 nos
1142 2653 1183 2706 cel
1201 2654 1233 2705 ut
1251 2667 1297 2704 no·

152 2735 210 2803 bie)
232 2752 268 2789 ne
286 2739 396 2790 nosmet
419 2737 515 2789 nestra
538 2736 624 2790 etiem
643 2737 714 2791 uitia
733 2738 896 2806 eloquemur
920 2738 1002 2790 etsie
1021 2735 1185 2801 Geppertus:
1208 2730 1300 2796 Soror,

152 2831 247 2885 petes,
266 2816 380 2870 amibe:
400 2819 444 2868 set
464 2816 507 2868 ese
524 2816 598 2872 istuc
616 2818 686 2873 elios
704 2822 714 2888 b
732 2819 830 2872 Dicere
850 2817 884 2870 de
903 2816 990 2869 nobis.
1023 2832 1058 2867 ne
1078 2816 1187 2866 nosmet
1205 2815 1300 2865 nostre

153 2896 241 2950 etism
265 2895 335 2950 uitia
359 2896 534 2962 eloquamur:
557 2899 597 2950 sie
615 2904 705 2951 autem
723 2899 851 2952 Reieius:
875 2897 969 2960 Soror,
994 2912 1090 2963 perce,
1109 2894 1218 2947 amabo.
1255 2891 1300 2944 sab

152 2978 197 3031 est
217 2975 308 3030 dicere
328 2975 406 3042 alios,
425 2977 435 3044 ΙΙ
459 2975 501 3029 Ne
519 2977 630 3030 nosmet
647 2976 793 3045 loquamur
813 2976 897 3032 etiem
918 2975 989 3030 uitio
1007 2977 1144 3027 nostrast
1162 2971 1299 3025 Hermen-

152 3072 223 3111 nus:
242 3057 333 3123 Soror,
352 3071 443 3124 peree,
462 3055 570 3110 amabe.
604 3058 654 3111 Set
668 3060 711 3111 est
729 3057 820 3112 dicere
839 3057 910 3111 alios
924 3057 933 3124 ΙΙ
949 3058 1022 3109 [stite
1037 3053 1124 3120 nobis,
1143 3070 1177 3107 ne
1191 3054 1300 3107 nosmet

150 3137 252 3190 mette
270 3134 355 3191 etiem
370 3133 442 3189 uitis
454 3136 464 3201 u
478 3135 647 3202 Loquemur,
664 3137 714 3203 eui
728 3140 824 3203 postea
843 3138 908 3190 leuce
918 3136 1077 3204 proposuit:
1096 3136 1188 3199 Sorbr,
1207 3148 1299 3200 poree,

152 3215 265 3270 amabo.
304 3214 353 3268 Set
372 3217 415 3267 est
433 3213 505 3266 istuc
524 3213 609 3268 elios:
629 3216 639 3283 l
658 3215 699 3269 Ne
718 3217 828 3269 nosmet
845 3233 918 3269 nune
936 3219 1031 3270 nostre
1049 3215 1135 3269 etiam
1155 3212 1224 3267 uitio
1242 3211 1298 3263 ele-

153 3310 287 3364 quamur:
306 3296 340 3360 cs.
356 3298 499 3362 praeterea
514 3293 718 3349 Studemundus
735 3297 768 3348 de
787 3301 858 3350 eant.
874 3313 904 3364 p.
919 3299 965 3360 48,
983 3301 1014 3348 ut
1032 3296 1172 3348 mittamus
1191 3292 1260 3344 elios

159 3374 193 3430 V.
209 3378 359 3429 252-255
378 3373 504 3428 exhibent
522 3374 588 3427 libri
605 3380 636 3427 ut
654 3374 690 3442 B,
709 3377 766 3430 nisi
784 3377 856 3444 qued
874 3380 967 3431 emole
985 3377 1024 3442 D,
1044 3377 1096 3429 hee
1115 3392 1135 3428 s.
1156 3392 1179 3426 v.
1197 3372 1225 3436 0,
1245 3387 1299 3442 que

153 3456 186 3520 0,
207 3469 279 3522 quoe
298 3453 391 3519 DFZ,
410 3454 446 3506 ad
465 3452 548 3506 deum
567 3469 656 3507 ornnes
737 3461 796 3509 252.
819 3456 893 3510 Pers.
914 3473 963 3511 em.
983 3456 1012 3508 D
1092 3454 1209 3519 Quiesce
1224 3466 1299 3519 ergo.

153 3534 215 3587 AD.
236 3534 307 3587 Amo
327 3532 490 3587 Gulielmius
510 3532 616 3602 Quaest.
639 3535 722 3589 Poen.
742 3552 763 3588 c.
784 3541 808 3588 1.
852 3534 969 3600 Quiesce
989 3534 1044 3587 AD.
1066 3534 1139 3602 Ergo
1158 3549 1222 3586 amo
1241 3530 1300 3583 Fu

259 3613 287 3666 le
302 3653 309 3677 ,
324 3611 373 3666 sed
392 3652 398 3662 .
419 3653 425 3664 .
446 3655 452 3666 .
471 3613 551 3680 vulpe
574 3613 740 3682 Adelphasio
763 3617 962 3668 continuaretur
985 3631 1045 3667 euru
1068 3616 1159 3680 libris,
1182 3613 1299 3666 Antera-

154 3693 238 3762 stylis
259 3697 350 3746 autem
367 3692 570 3759 praescribitur
593 3700 655 3748 onte
674 3693 775 3747 Omnia
863 3697 918 3747 253
930 3697 1029 3747 -254
1051 3696 1090 3746 sic
1112 3693 1300 3758 descripsimus

154 3790 218 3828 eum
250 3772 422 3845 Ritscbclio„
455 3769 555 3825 Contra
587 3790 642 3826 une
679 3775 772 3827 omnia
799 3789 877 3824 uersu
914 3773 1112 3840 cernprebenrlit
1140 3771 1299 3837 epenpelius

154 3853 225 3906 duee
258 3850 392 3919 chperto
425 3855 536 3920 (pacem
573 3853 670 3906 edesse
707 3854 849 3921 eperbet‘l)
880 3852 942 3905 leee:
979 3851 1051 3903 sene
1082 3849 1127 3903 hie
1159 3866 1230 3916 quse
1263 3849 1299 3902 ad

154 3933 240 3986 deum
265 3933 363 4000 piscem
386 3933 498 4000 oportet
526 3932 637 3986 omnia?
687 3931 724 3986 M.
753 3930 853 3985 Omnia
880 3929 1024 3984 decessui:
1051 3931 1097 3984 sed
1122 3931 1189 3983 iden
1218 3929 1301 3981 siucul

154 4013 223 4066 bace
245 4012 389 4080 proponit:
413 4009 484 4063 Sunt
507 4011 642 4079 hisquae
666 4011 702 4065 ad
722 4012 804 4064 desim
828 4027 925 4079 pacem
949 4011 1086 4078 oportent.
1128 4009 1164 4061 M.
1190 4007 1299 4062 Curisui.

147 4091 317 4160 ·Asperiores
340 4106 465 4144 numeros
489 4095 597 4144 tutatur
619 4109 680 4145 cum
698 4092 777 4145 libris
797 4091 949 4143 Muellerus
969 4088 1047 4141 Pros.
1069 4088 1112 4140 Pl.
1129 4105 1158 4154 p.
1179 4092 1222 4140 98.
1258 4086 1299 4151 Of.

156 4171 309 4240 Seyffertus
331 4171 364 4225 dc
388 4171 477 4223 bascli.
500 4187 528 4237 p.
549 4175 585 4224 30
608 4177 632 4225 et
657 4170 809 4240 ll'apuerus
829 4170 906 4222 Mus.
926 4168 1012 4222 Illun.
1035 4169 1085 4221 vel.
1104 4171 1141 4221 22
1159 4176 1196 4230 (a.
1216 4168 1302 4230 1⁸67)
1399 4194 1411 4225 s.

151 4270 183 4321 p.
204 4255 326 4319 425u1q.
383 4255 443 4303 253.
462 4248 533 4303 mihi
551 4250 663 4305 Reieius
681 4252 776 4304 deleuit
795 4255 857 4304 ante
871 4249 1047 4303 Rileeleclium
1098 4253 1157 4301 254.
1177 4245 1300 4298 Adesse?

156 4332 221 4385 Ant
243 4329 381 4385 Aeeureei
399 4330 483 4384 delete
508 4330 601 4384 omnia
620 4348 680 4384 erm
697 4330 798 4383 Bothie
817 4329 995 4383 Hernsuunus
1085 4327 1201 4397 ‘Quodsi
1219 4326 1300 4379 dinte-

156 4418 219 4467 trus
242 4410 405 4477 formandus
427 4411 463 4464 sit
487 4411 579 4463 maline
604 4411 699 4465 edesse
723 4411 861 4477 infinitivo
884 4414 993 4462 extruso
1016 4407 1124 4462 Adsint
1142 4407 1236 4461 emnia
1254 4407 1301 4460 hie

156 4507 231 4562 quae
249 4491 285 4544 ed
304 4491 387 4544 desim
406 4505 505 4558 pacem
524 4493 653 4558 eportet?
667 4493 677 4558 l
690 4489 753 4545 Ant.
770 4490 871 4544 Omnia
890 4505 942 4557 ego
961 4486 1100 4541 eeeuraui’
1122 4487 1300 4541 Rilselcclius:

156 4577 255 4627 contro
276 4571 444 4624 hexametros
463 4571 642 4625 Hermounus
664 4572 728 4624 elim
751 4571 941 4638 discripserat:
965 4568 1130 4635 Loquiemur.
1173 4565 1299 4631 Quiesce.

136 4652 233 4721 ,Ergo
252 4653 316 4704 amb
335 4653 372 4703 te.
399 4650 447 4702 sed
471 4651 523 4705 hbe
550 4667 622 4704 nune
644 4652 653 4718 ss
676 4649 822 4718 Responde
845 4649 928 4701 mihi:
956 4650 1019 4701 sunt
1042 4646 1088 4699 hie
1112 4645 1206 4699 emnia
1229 4664 1300 4714 quae

157 4730 255 4786 edisse
274 4729 311 4783 ed
330 4729 412 4782 desim
432 4745 530 4797 pacem
546 4731 697 4798 opertetlu
716 4730 817 4783 Omnis
835 4745 888 4798 ege
907 4726 1044 4782 eoeurbui.
1073 4725 1154 4780 Diem
1173 4727 1300 4795 pulcrum

157 4814 188 4866 et
207 4810 345 4866 celebrem
363 4811 393 4862 et
412 4810 565 4864 uenisietis
583 4810 697 4878 plenum
