2910 5528
568 748 773 810 PRAEFATIO
1192 754 1243 812 Vll

92 912 299 978 firmavimus
323 914 357 980 in
377 938 416 980 ea
438 918 709 984 commentatione
728 940 825 1003 quam
848 917 1048 984 ‘deturbato
1073 942 1241 987 scenarum

94 1019 211 1084 ordine
229 1018 452 1088 Mostellariae
469 1022 652 1090 Plautinae’
672 1025 825 1109 scriptam
848 1025 907 1106 [ed.
927 1049 954 1091 a.
969 1022 1240 1109 MDOOCXLIII]

92 1125 266 1213 Parergon
301 1135 488 1195 nostrorum
525 1130 632 1216 primo
668 1131 827 1197 volumini
860 1132 921 1212 [ed.
949 1156 975 1197 a.
1005 1130 1241 1199 MDCCOXLV

92 1254 126 1316 p.
145 1232 213 1299 433
227 1236 310 1319 sqq]
338 1236 543 1320 inseruimus,
571 1243 640 1302 tum
664 1260 811 1303 caussam
835 1238 994 1304 factarum
1022 1240 1056 1304 in
1079 1240 1240 1306 Palatinis

94 1340 269 1405 turbarum
291 1342 568 1408 evidentissimam
591 1366 630 1409 ex
654 1344 860 1428 archetypi
884 1345 1071 1411 condicione
1090 1349 1241 1431 repetivi-

94 1468 184 1525 mus,
216 1447 307 1513 cuins
339 1470 413 1514 cum
446 1449 593 1515 undecim
625 1452 845 1535 membranae,
874 1451 909 1516 in
941 1453 1080 1538 singulis
1113 1454 1241 1539 paginis

93 1575 212 1618 versus
235 1555 362 1620 circiter
385 1555 464 1621 XXI
487 1560 648 1636 tenentes,
673 1558 781 1642 aliquo
807 1580 883 1622 casu
902 1558 948 1624 sic
971 1564 1008 1623 nt
1026 1559 1112 1624 infra
1134 1561 1242 1644 posita

93 1660 213 1725 tabula
234 1660 368 1745 planum
391 1662 525 1728 fecimus
549 1665 705 1729 traiectae
729 1670 847 1748 essent,
869 1665 898 1728 is
922 1666 991 1750 ipse
1014 1667 1069 1750 qui
1092 1668 1126 1730 in
1147 1667 1240 1733 Pala-

92 1767 176 1832 tinis
199 1771 251 1832 est
273 1790 423 1834 ramnum
446 1771 525 1836 ordo
548 1772 678 1855 prodiit.

132 1886 271 1944 Pristinus
288 1890 358 1946 ordo
417 1891 540 1946 Fabulae
638 1893 772 1948 Varenum
791 1910 915 1949 summae
952 1895 1144 1950 Traiectamm
1159 1896 1226 1951 ordo

132 1969 360 2026 membranarum
430 1977 527 2042 partes
617 1974 769 2029 seeundum
780 1975 838 2029 Pal.
849 1974 929 2031 codd.
976 1976 1199 2030 membranarum

94 2061 109 2126 l
399 2065 575 2131 601-640
770 2069 814 2132 42
949 2066 996 2132 VI

93 2167 129 2233 Il
397 2171 574 2238 647-685
769 2174 811 2238 41
946 2173 994 2237 XI

93 2272 230 2341 mlv.
249 2275 279 2339 V
397 2279 570 2345 686-801
748 2280 810 2344 121
946 2279 971 2345 I.
990 2279 1030 2345 ll.
1049 2279 1098 2343 Ill

94 2378 148 2445 VI
398 2384 572 2451 eon-841
769 2387 811 2450 41
948 2385 977 2450 V

94 2486 162 2552 VII
398 2491 574 2558 842-883
770 2494 814 2555 42
947 2491 995 2556 IV

96 2593 188 2659 VIII.
203 2594 260 2660 lX.
273 2595 312 2660 X.
326 2595 372 2660 XI
401 2598 599 2664 885-1065
754 2600 816 2668 166
950 2597 1022 2663 Vll.
1037 2598 1127 2663 VIII.
1143 2579 1198 2665 lX.
1211 2600 1241 2664 X

94 2726 184 2793 Nam
210 2729 248 2794 de
272 2752 366 2795 versu
390 2733 455 2797 884
484 2736 516 2796 et
543 2731 676 2794 dimidia
699 2735 790 2814 parte
814 2732 966 2814 proximi,
991 2733 1044 2815 qui
1073 2739 1150 2797 sunt
1178 2734 1240 2798 dno

94 2837 218 2922 integri
246 2837 280 2901 in
301 2837 475 2922 Palatinis,
498 2839 533 2902 in
556 2842 708 2921 promptu
733 2843 784 2902 est
807 2838 853 2902 sic
877 2843 1032 2921 statuere,
1062 2839 1162 2902 fuisse
1186 2862 1240 2904 eos

94 2944 231 3028 alicubi,
254 2966 326 3008 cum
355 2966 413 3009 suo
441 2945 513 3010 loco
538 2945 756 3028 praetermissi
782 2951 903 3028 essent,
928 2967 1073 3009 seorsum
1102 2946 1135 3007 in
1159 2967 1241 3008 mar-

94 3053 173 3136 gine
197 3051 365 3134 ascriptos.
387 3088 424 3098 -
448 3051 569 3127 Quodsi
594 3074 744 3117 versuum
768 3074 922 3135 summae,
946 3052 1058 3135 quales
1081 3051 1240 3116 Palatinis

94 3159 233 3223 ducibus
262 3158 487 3242 subduximus,
510 3181 577 3224 non
600 3163 783 3241 congruunt
810 3159 843 3221 iu
868 3163 1010 3222 nostram
1039 3159 1171 3222 fabulae
1194 3181 1241 3222 re·

94 3266 294 3346 censionem,
322 3266 535 3348 reputandum
564 3269 614 3330 est
642 3267 676 3329 in
704 3266 764 3329 hac
789 3269 821 3328 et
849 3266 1047 3330 canticorum
1076 3266 1156 3345 (690
1172 3289 1239 3350 sqq.

93 3373 160 3436 858
176 3393 245 3456 sqq.
274 3372 339 3437 885
358 3369 442 3458 sqq.)
479 3372 576 3456 longe
613 3373 773 3436 diversam
811 3372 1053 3454 discriptionem
1092 3394 1176 3453 esse,
1208 3378 1240 3436 et

92 3479 288 3563 quibusdam
315 3478 348 3542 in
377 3479 522 3561 partibus
550 3479 601 3543 vel
630 3479 767 3543 crevisse
795 3501 962 3542 numerum
991 3501 1140 3541 versuum
1173 3479 1241 3542 sive

91 3587 190 3651 novis
205 3607 244 3650 ex
260 3586 475 3650 Ambrosiano
491 3586 602 3651 ascitis
616 3585 704 3670 (833.
719 3586 785 3649 940
797 3607 863 3669 sqq.
880 3586 952 3649 951.
968 3586 1042 3648 999.
1061 3585 1145 3648 1055
1157 3580 1241 3670 sqq.)

92 3694 162 3756 sive
186 3693 321 3757 lacunae
345 3693 431 3756 notis
451 3693 489 3757 de
513 3693 696 3757 coniectura
715 3694 830 3776 positis
855 3690 935 3775 (644
951 3715 996 3775 sq.
1019 3692 1093 3755 649.
1113 3692 1178 3755 926
1194 3713 1241 3774 sq.

95 3799 183 3863 1018
200 3820 269 3883 sqq.
295 3798 393 3862 1042:
420 3821 496 3863 nam
520 3803 594 3882 post
619 3800 705 3863 1026
730 3800 857 3881 elapsos
881 3821 946 3861 non
970 3798 1166 3881 numeravi),
1190 3798 1241 3860 vel

93 3905 276 3971 decrevisse
301 3904 412 3969 deletis
437 3905 642 3991 glossematis
666 3904 754 3989 (post
776 3906 850 3969 658.
870 3905 943 3969 815.
965 3904 1079 3988 1000):
1104 3927 1166 3987 quo
1192 3927 1240 3968 ac-

89 4013 178 4078 cedit
208 4012 295 4096 qnod
323 4013 377 4097 qui
406 4035 490 4077 nunc
519 4017 596 4076 sunt
624 4013 687 4077 631
704 4035 751 4097 sq.
774 4014 840 4075 649
856 4034 901 4094 sq.
926 4012 1000 4075 666.
1025 4012 1089 4073 846
1119 4011 1151 4071 10
1181 4011 1240 4073 hos

94 4120 188 4184 locos
212 4120 438 4183 transtulimus
461 4121 499 4183 de
519 4121 565 4183 eis
589 4119 719 4184 sedibus
743 4141 822 4202 quas
846 4120 878 4182 in
900 4117 1058 4180 Palatinis
1083 4120 1242 4198 occupant

94 4232 173 4311 post
197 4226 271 4290 652.
296 4226 368 4290 650.
393 4227 466 4292 609.
490 4225 576 4291 815⁹.

187 4331 317 4397 ‘Fuisse
344 4338 452 4397 antem
482 4334 682 4417 archetypi
711 4334 796 4398 illius
826 4332 971 4416 singulas
1000 4331 1134 4414 paginas
1164 4326 1242 4393 XXI

95 4439 169 4526 (aut
193 4440 333 4504 fortasse
351 4439 427 4527 XX)
450 4463 599 4505 versuum
620 4441 716 4504 etiam
739 4440 804 4504 alio
825 4442 1015 4523 argumento
1041 4436 1240 4521 intellegitur

95 4548 178 4611 satis
204 4547 417 4611 memorabili.
444 4547 575 4611 Etenim
594 4547 795 4611 Mostellaria
815 4568 887 4610 cum
911 4545 1049 4628 insignis
1074 4545 1117 4606 sit
1140 4544 1242 4608 lacu·

94 4676 230 4719 narum
254 4654 473 4735 multitudine,
496 4633 613 4717 barium
637 4655 799 4720 sciendum
824 4658 873 4717 est
896 4651 1011 4735 duplex
1037 4672 1139 4735 genus
1163 4673 1243 4715 esso.

92 4763 183 4828 Nam
209 4762 292 4826 aliae
315 4762 454 4846 quidem,
478 4762 681 4845 singulorum
707 4762 937 4825 vocabulorum
963 4780 1135 4841 eorumque
1159 4759 1240 4822 inte·

92 4892 229 4957 grorum
255 4870 425 4933 circuitum
449 4869 639 4952 plerumque
663 4891 729 4932 non
752 4868 951 4951 excedentes
976 4866 1034 4929 etsi
1058 4867 1090 4929 in
1115 4866 1241 4949 quibus·
