2910 5528
135 39 1105 343 n

145 716 288 801 768-778
623 710 808 767 APPENDIX
1222 714 1285 778 163

141 869 306 939 Spenpeiius
320 870 499 941 Klotziusqae
507 888 538 940 p.
553 874 597 925 59.
610 901 642 910 -
655 871 719 924 ‘hoo
733 874 783 926 etsi
792 880 880 942 potat
891 891 944 943 pro
958 876 1013 928 huo
1027 891 1080 929 csse
1093 880 1123 928 ut
1138 874 1187 929 IV
1198 879 1225 942 1,
1240 879 1285 943 55,

143 949 199 1004 hoo
217 965 272 1018 ago
291 951 425 1006 occumbo
443 956 474 1006 ut
493 952 656 1020 iunpantar,
676 956 765 1005 tarncn
781 959 906 1020 praestat
919 953 1061 1008 Bottiana
1077 954 1219 1008 distinctio
1232 953 1286 1007 hoc

140 1044 209 1098 age.
228 1029 370 1084 occumbo
405 1031 526 1086 Ceterum
544 1032 640 1100 quaeri
654 1037 752 1099 potest,
770 1051 835 1088 num
853 1035 923 1100 forte
941 1034 974 1087 dc
991 1035 1137 1101 composito
1151 1050 1165 1086 c
1178 1035 1285 1089 creticis

140 1111 380 1198 anapaestieisquc
397 1111 518 1165 numnis
535 1127 614 1165 onsu
633 1115 675 1178 (ut
694 1118 757 1166 753.
779 1114 848 1180 759)
863 1114 915 1167 tali
932 1114 1109 1182 copitandun
1126 1114 1176 1168 sit:
1203 1113 1283 1167 Τόιιι-

139 1186 216 1258 peri:
246 1189 322 1244 Istsio
344 1176 414 1243 mihi
437 1190 555 1258 timpcri
579 1193 737 1245 scrostz-
759 1191 813 1244 hoo
837 1194 903 1260 ige·
932 1192 1078 1246 accumbe:
1107 1193 1181 1246 huno
1210 1191 1284 1246 diem

140 1270 274 1322 aninam.-
287 1285 444 1338 quanquam
457 1270 603 1335 offensioni
616 1276 655 1324 est
668 1271 827 1324 ereticorum
841 1271 982 1326 cotaleois’
999 1271 1037 1328 tt
1066 1271 1186 1327 Ueterum
1201 1273 1283 1326 catat.

139 1349 262 1404 adoar'sro
276 1348 329 1403 hirc
343 1363 409 1418 age.
429 1347 561 1403 occumbo
576 1350 735 1415 Muellerus,
750 1354 802 1407 hoc
817 1356 869 1421 ogs
884 1351 1017 1406 occumbo
1032 1352 1193 1420 Spenpclius
1203 1368 1283 1421 prae·

138 1428 279 1494 serebant:
297 1429 461 1498 idemque.
481 1435 532 1483 669
552 1429 681 1484 manibirs
701 1431 818 1501 opponit
820 1447 834 1484 s
853 1432 907 1498 cles.
928 1433 1034 1501 (ponttc
1056 1427 1280 1500 Muellerus).-

141 1507 186 1575 Of.
205 1509 380 1579 Ktoteiusp.
399 1511 622 1565 7337911161.

233 1594 284 1644 770
293 1606 348 1659 sqq
373 1589 416 1656 cf.
436 1591 515 1645 ado.
536 1595 637 1659 764so
657 1592 749 1645 —sic
773 1593 828 1645 sris
848 1607 901 1660 pro
925 1589 970 1644 hic
994 1588 1048 1644 oris
1071 1591 1228 1646 Douso.-
1247 1592 1283 1645 ab

140 1683 252 1721 summo
273 1670 395 1738 probant
417 1669 568 1738 Lanpenus
588 1669 696 1724 Beitr?
716 1687 744 1738 p.
763 1674 819 1726 332
846 1670 1099 1740 Studcmundusquc
1122 1671 1154 1725 de
1176 1669 1284 1726 Vicini*

137 1765 166 1816 p.
186 1751 237 1802 ot.-
264 1763 333 1817 quoe
359 1750 440 1803 onoc
463 1750 557 1803 docent
580 1750 637 1804 coli.
662 1767 686 1804 o.
708 1754 762 1805 767
780 1752 912 1818 proxima
935 1766 992 1804 non
1018 1750 1197 1805 Tox1o1esse
1221 1752 1278 1820 (cut

140 1828 224 1882 etiarn
249 1826 396 1908 Vesinpius
415 1828 537 1883 reddidit
558 1829 690 1897 probante
710 1845 817 1884 censore
837 1831 914 1899 ‘picit
935 1830 1017 1884 Ane’
1040 1829 1186 1898 XVIIp.
1208 1834 1282 1900 163),

140 1906 187 1961 scd
204 1888 486 1964 8161ιιειιοιιιεμ
503 1907 566 1961 hos
586 1906 731 1962 committo
750 1911 798 1978 qui
816 1911 1024 1980 transposuerit,
1043 1911 1209 1964 trochaicam
1227 1912 1285 1977 effi·

141 1985 204 2040 cict‘
225 1984 271 2040 B:
297 1992 503 2056 transposuerat
522 1987 641 2041 Bothins
663 1989 710 2054 (ef.
730 1989 862 2044 Orcinius
881 1990 961 2044 trud.
980 1989 1024 2043 ΡΙ.
1041 2006 1070 2057 p.
1090 1990 1184 2057 2).-
1150 1989 1285 2045 M-ous

142 2066 241 2120 mamis
267 2065 335 2119 mire
359 2063 495 2120 Christius
520 2066 606 2120 ‘.rnetr
631 2066 720 2120 Rem?
742 2086 771 2136 p.
791 2073 831 2122 82
855 2073 879 2121 et
899 2067 1020 2122 εΜαι.η
1033 2085 1064 2136 p.
1083 2073 1141 2122 246
1167 2074 1191 2121 ct
1211 2068 1284 2123 Mas.

144 2144 233 2200 Rhea.
255 2143 381 2199 XXIII
394 2162 424 2214 p.
445 2150 506 2200 579.
529 2177 559 2184 —
579 2162 704 2215 propesc.
730 2147 810 2200 tarde
836 2147 965 2216 cyathos,
985 2145 1138 2215 Paegnium
1158 2147 1284 2207 Batitas.

143 2227 266 2280 Ceterum
280 2223 432 2294 Paegntfim
443 2241 497 2293 pro
512 2225 665 2293 Paegniom
682 2227 732 2293 (sic
746 2224 882 2281 Christius
891 2225 1100 2295 Spcnpeiiusque
1113 2243 1173 2280 cam
1185 2225 1223 2292 It,
1238 2229 1285 2294 ai.)

143 2305 273 2360 Ktoteius
291 2323 320 2374 p.
341 2309 390 2360 60:
413 2306 448 2371 cf.
473 2306 510 2359 ad
528 2324 552 2360 v.
572 2310 635 2359 767.
656 2336 688 2345 -
709 2306 817 2359 amicae
840 2321 918 2359 meac
941 2306 1004 2359 troi.
1030 2304 1216 2370 Camerarius,
1239 2309 1285 2360 cui

141 2385 213 2439 bens
238 2383 366 2438 omnibus
387 2383 467 2438 nobis
486 2401 519 2438 ea
537 2402 561 2439 o.
582 2388 637 2440 775
656 2386 789 2440 odiurrait
806 2385 931 2439 Bothios.
953 2415 983 2423 -
1003 2383 1075 2437 benc
1094 2383 1174 2439 uobis
1189 2402 1217 2450 o.
1233 2391 1283 2439 773

142 2465 231 2520 delae
254 2465 285 2518 in
307 2480 332 2519 o.
352 2468 403 2517 776
425 2464 584 2532 collocans:
597 2462 635 2518 mi
659 2464 705 2519 hic
729 2467 859 2519 traiciens
881 2473 905 2518 rt
927 2463 1038 2533 poclum
1063 2465 1200 2533 corriperes
1223 2481 1284 2518 cnm
1332 2515 1336 2521 .

143 2545 251 2615 Guycto
266 2544 326 2611 <ubi
337 2541 393 2597 ‘hic
407 2540 477 2596 mihi
491 2546 619 2610 servabit,
632 2546 683 2613 qui
697 2546 863 2599 trochaicam
872 2545 961 2610 facere
970 2542 1066 2598 cotct':
1079 2544 1113 2610 cs.
1126 2543 1285 2612 Koempfius

139 2625 172 2678 de
190 2640 271 2693 pron.
290 2639 316 2691 p.
336 2623 398 2688 28),
417 2639 462 2676 me
481 2621 598 2677 liberam
618 2625 680 2677 item
699 2624 829 2678 traiciens
848 2627 927 2693 (quac
945 2625 995 2678 dcl.
1011 2623 1141 2692 Guyctas,
1160 2638 1204 2676 me
1223 2640 1284 2678 curn

138 2703 267 2770 Dousa),
294 2703 408 2770 denique
435 2704 479 2755 cst
497 2708 561 2770 post
584 2717 670 2771 opera
693 2709 718 2756 et
741 2704 807 2756 dare
829 2710 891 2771 post
914 2702 1020 2756 emanti
1043 2695 1197 2756 ct‘meoum
1222 2710 1284 2771 post

138 2782 248 2851 gaudet
265 2782 369 2836 addens
386 2783 425 2835 sic
444 2782 507 2836 traca
527 2785 667 2837 constituit
682 2782 712 2835 It
727 2784 889 2851 (improbata
904 2784 1080 2850 rationeque
1094 2782 1284 2837 Fleckeiscnus

140 2862 244 2916 Ptine.
265 2861 307 2913 ΙΙ
327 2878 355 2928 p.
374 2864 428 2915 113
456 2863 523 2915 (lucc
547 2862 647 2916 Bothio
668 2868 850 2930 proposuerat
877 2862 935 2914 Hoc
960 2876 1022 2914 mea
1046 2878 1142 2915 manus
1168 2861 1283 2934 (nunc)

136 2941 254 3011 poclum
273 2940 361 2994 donat
377 2943 443 2994 isiae
462 2944 495 2994 ut
513 2943 654 2995 amantem
674 2941 756 2994 dccet
775 2941 906 3008 amanti).-

248 3019 324 3073 Bcne
343 3019 425 3089 mshi,
444 3021 514 3075 bono
530 3023 608 3075 misc
623 3021 736 3076 amicos.
762 3024 875 3090 optatus
890 3022 928 3074 mi
944 3019 989 3074 hic
1004 3020 1064 3074 dios
1078 3021 1159 3074 dotus
1173 3020 1283 3076 hodiest

725 3101 760 3155 ἑὼ
779 3101 834 3167 dis,

248 3178 320 3244 Quis
338 3180 366 3232 te
386 3178 452 3233 licet
472 3180 651 3233 moltherum
671 3181 811 3250 amplecti.
843 3182 919 3234 Lon.
938 3179 998 3233 Tua
1016 3180 1121 3234 focium
1141 3183 1261 3249 operosi.

248 3260 322 3315 Bene
341 3258 469 3313 omnibus
488 3258 577 3312 nobis.
607 3259 659 3312 hcc
679 3275 741 3314 moa
761 3262 860 3334 mansis
879 3262 945 3314 tuoe
964 3259 1076 3329 poclum
1096 3260 1194 3328 donst,
1243 3277 1282 3317 tet

248 3338 285 3393 Vt
306 3339 446 3393 amantem
469 3337 573 3391 amanti
594 3337 815 3411 <dars>1iccct
844 3341 893 3395 Το.
914 3338 997 3394 Cedo.
1025 3339 1074 3393 Lot.
1095 3338 1206 3409 Accipe.
1230 3339 1280 3395 To.

728 3419 914 3474 Besouchis:

247 3496 321 3551 Bene
341 3498 366 3551 oi
386 3497 435 3565 qui
454 3496 563 3551 inuidet
583 3496 700 3553 mihist
719 3503 745 3554 ei
764 3500 813 3567 qui
831 3501 885 3553 hoc
905 3500 1009 3568 gaudet
1027 3498 1187 3572 (micum)

140 3579 172 3632 V.
190 3582 244 3632 773
254 3594 292 3646 sq.
310 3578 349 3632 sic
364 3578 513 3632 Muellerus
527 3595 557 3646 p.
574 3582 634 3632 117.
649 3582 710 3634 410.
726 3582 780 3634 119
798 3582 873 3646 (troi.
894 3580 976 3633 hodie
996 3584 1021 3633 et
1037 3595 1105 3634 corr.
1121 3578 1280 3647 factumst).-

247 3657 321 3711 Bone
346 3657 428 3724 mihi,
451 3657 640 3723 benc.uobis,
665 3659 735 3711 bino
760 3677 838 3713 meae
862 3658 978 3714 amicae.
1012 3662 1124 3727 opt-istus
1143 3661 1190 3712 hic
1211 3661 1280 3714 mihi

722 3736 782 3791 dics
803 3739 898 3792 doinst
917 3740 952 3792 ab
971 3737 1026 3804 dis,

247 3815 318 3880 Quis
333 3819 361 3870 tc
376 3816 441 3869 licit
456 3814 574 3869 ltberitm
591 3833 633 3870 me
649 3815 780 3885 amplecti
793 3845 795 3885 ι
807 3815 898 3869 hodio.
919 3817 948 3868 L.
964 3816 1023 3869 Tua
1037 3815 1171 3871 factumst
1186 3821 1278 3885 opero.

135 3887 245 3952 Totum'
261 3901 351 3950 autem
374 3897 461 3950 locam
484 3897 524 3950 sic
542 3896 701 3964 Spenpetius
722 3896 807 3961 ‘Refi'
825 3914 854 3964 p.
875 3901 929 3950 158
947 3896 1010 3950 acin
1021 3936 1030 3962 ,
1049 3901 1104 3950 390
1127 3898 1188 3964 (dcl.
1209 3896 1278 3949 benc

135 3973 220 4033 cobis
239 3980 265 4029 ei
283 3981 422 4029 amantem
432 3978 464 4043 (J)
483 3981 508 4028 ct
525 3975 656 4029 dubitans
674 3976 706 4028 dc
725 3973 819 4043 cedo):

247 4054 320 4108 Bene
339 4052 420 4107 mihi!
441 4054 512 4108 bons
531 4071 609 4107 meas
628 4053 748 4108 amicae!
770 4056 883 4122 optatus
904 4055 948 4106 hic
968 4053 1037 4106 mihi
1055 4053 1115 4106 dios
1135 4053 1215 4107 datus
1232 4054 1279 4107 ho·

722 4134 796 4187 diost
814 4133 850 4187 ab
869 4132 924 4198 dis,

246 4212 318 4278 Quia
337 4217 363 4267 to
384 4211 452 4266 licor
470 4212 588 4266 Iiberrim
608 4233 650 4266 me
671 4213 811 4283 templccti.
837 4215 924 4270 tTua
942 4214 1045 4264 tostum
1067 4227 1159 4280 opera.
1179 4212 1279 4269 IBcnc

724 4294 852 4346 omnibus
872 4290 965 4345 nobis!

245 4370 304 4425 Hoc
325 4373 387 4425 mia
406 4389 505 4426 manus
525 4375 590 4425 tuoe
609 4373 721 4441 pochim
742 4374 793 4439 (oet
807 4372 949 4441 pocsilssm)
971 4373 1070 4438 donat,
1089 4373 1121 4424 ut
1139 4373 1278 4425 amantem

724 4453 812 4506 decit.
834 4451 940 4512 tcedo.
962 4444 1100 4521 thcctps.
1120 4451 1221 4506 thne
1240 4450 1278 4516 isi,

401 4532 454 4596 Qui
473 4532 581 4586 inuidit
600 4533 651 4596 mi,
671 4535 701 4585 et
719 4530 758 4597 isi,
778 4532 825 4598 qui
844 4533 898 4585 hoo
916 4532 1027 4600 gastost,

135 4616 252 4670 {moto
272 4611 341 4664 bens
362 4612 440 4665 uobis
460 4613 491 4665 in
509 4613 562 4678 fine
581 4628 603 4665 v.
620 4616 670 4664 773
690 4611 750 4666 dies
769 4614 849 4665 <latus
869 4611 914 4665 hic
930 4610 967 4664 mi
981 4628 1032 4666 scr.
1051 4612 1202 4681 Vssinpitis,
1215 4612 1279 4667 dein

135 4693 227 4752 lodic
303 4707 402 4759 opera,
426 4692 500 4744 Bene
574 4691 653 4744 decet
680 4693 740 4758 (rtet.
761 4692 893 4758 amantif)
909 4709 962 4760 pro
981 4697 1067 4745 octon.
1086 4697 1111 4745 ct
1130 4690 1278 4748 Cedo

135 4773 245 4833 audet
269 4771 344 4838 (add.
364 4769 479 4840 gaudio)
501 4788 553 4839 pro
579 4776 677 4838 septen.
702 4787 784 4839 cnop.
809 4770 952 4823 conditores
974 4770 1035 4837 (nbi
1054 4768 1129 4824 Bene
1153 4769 1279 4824 omnibus

1015 4857 1067 4911 11*
