2910 5528
150 322 214 387 104
469 352 479 367 .
656 319 788 374 colvm
1093 318 1134 373 111
1150 324 1174 388 1,
1190 323 1289 374 rs-or

148 471 419 551 [ncommoditste
443 483 606 548 obstinere
630 504 681 547 me
705 482 790 567 opud
814 482 967 547 conuiuas
992 482 1162 548 commodo

149 589 378 675 commemini,
402 595 434 655 et
456 611 547 654 meae
571 589 729 655 oritionis
752 590 871 654 iristam
894 592 1021 674 partem
1044 590 1199 675 persequi
1245 606 1290 656 tit

147 677 194 763 sst
216 720 321 763 meam
343 701 470 781 partem
493 696 604 761 itidem
628 700 742 780 tacere,
766 718 863 779 quom
887 696 1025 762 slienast
1047 696 1162 762 critic.

149 804 293 868 Minume
317 805 474 888 epotator,
499 806 644 868 screator
667 825 748 887 sum,
770 801 884 868 itidem
908 803 1049 869 minume
1073 803 1252 869 mriccidus:

149 910 228 975 Post
247 909 369 994 Ephesi
388 932 459 975 sum
479 912 585 994 nitus,
608 931 746 973 noenum
767 910 801 973 in
814 891 941 995 Apulis,
958 931 1098 976 noenum
1113 893 1293 976 Aminulae.

588 1034 590 1037 ’
622 1030 817 1084 Pnnnnsrmo

151 1107 178 1187 0
203 1123 450 1208 lepidissumum
478 1123 643 1188 hominem
650 1173 659 1206 ‚
687 1122 716 1186 si
743 1144 822 1205 ques
845 1124 1005 1187 memorat
1027 1123 1166 1188 uirtute's
1189 1124 1295 1209 hebet,

239 1267 300 1317 648.
319 1261 430 1317 Servius
455 1261 565 1331 plenior
590 1261 628 1315 cul
658 1260 735 1330 Vero.
762 1261 858 1331 Georq.
886 1262 927 1315 ΙΙ
946 1265 1012 1316 134.·
1039 1261 1080 1315 sic
1105 1262 1251 1317 Plautus
1267 1263 1294 1318 in

151 1341 264 1396 Milite
278 1339 446 1411 glorioso:
465 1340 556 1394 ‘Tum
571 1339 605 1394 in
620 1337 733 1408 apulis
747 1357 815 1394 non
832 1359 903 1395 snm
916 1345 1033 1409 nctus,
1052 1359 1118 1396 non
1133 1360 1205 1397 sum
1224 1343 1292 1398 oni·

151 1423 305 1571 {nugalia
316 1423 358 1491 Cf.
373 1421 448 1477 chl.
464 1420 551 1476 Pauli
564 1439 595 1490 p.
606 1424 653 1488 25,
663 1424 696 1476 2.-
714 1419 875 1475 Animula
892 1421 958 1476 urbs
972 1437 1123 1491 paruarum
1141 1440 1228 1492 opum
1245 1422 1296 1478 fnit

315 1597 367 1605 --

152 1645 209 1682 ero:
229 1644 320 1696 neque
339 1643 391 1697 ego
410 1643 471 1679 sum
490 1625 637 1680 oblocutor
657 1625 728 1679 idern
741 1625 774 1678 in
790 1625 856 1680 adn.
881 1626 917 1692 cs.
931 1625 1082 1697 Lanycnus
1096 1626 1199 1680 ‘Bella
1212 1643 1241 1697 p.
1252 1630 1296 1683 72.

152 1709 222 1762 Item
237 1725 289 1777 ego
300 1723 361 1762 ero:
380 1723 470 1773 neque
481 1705 628 1760 oblocutor
646 1721 706 1758 snm
716 1705 837 1760 Brixlns
891 1722 944 1775 ego
963 1722 1053 1774 neque
1067 1706 1198 1775 ascripsit
1215 1706 1296 1761 Benl-

153 1790 221 1842 lcins
325 1783 485 1839 inconuinio
499 1783 527 1837 Β
639 1784 705 1837 Post
723 1785 796 1838 turre
813 1801 837 1839 o.
856 1787 943 1840 inseri
955 1802 1036 1855 posse
1052 1802 1160 1841 casnm
1173 1805 1193 1841 a
1206 1785 1296 1843 Servio

152 1868 281 1922 Danielis
295 1867 332 1920 acl
353 1865 430 1934 Vero.
448 1865 517 1919 Aen.
536 1863 558 1916 I
576 1880 600 1916 v.
611 1867 667 1917 738
690 1880 704 1917 e
727 1864 830 1920 Plauto
848 1865 977 1921 allatum:
996 1882 1086 1933 neque
1104 1882 1159 1935 ego
1174 1866 1212 1920 cd
1224 1883 1296 1920 men-

153 1965 212 2002 sam
227 1945 355 2018 publicas
369 1961 413 1998 res
432 1944 523 1997 clamo
541 1959 632 2011 nequo
655 1942 731 2011 leges
754 1959 846 2012 crepo,
864 1961 942 2014 quem
959 1946 1074 2000 editores
1091 1946 1157 2000 inde
1174 1964 1194 2001 a
1213 1947 1296 2001 Pareo

155 2026 243 2082 (lolcn‘
259 2026 437 2095 Goldasthue
453 2039 540 2078 suasu
556 2024 628 2077 inter
645 2040 668 2076 v.
685 2026 835 2078 638-650
853 2025 978 2079 {nonunt
996 2025 1044 2095 (cs.
1063 2024 1184 2081 Winteri
1200 2018 1310 2095 fraces

153 2111 239 2174 282),
257 2105 423 2161 Rilscltelins
441 2104 557 2158 adnotat
643 2106 702 2155 644.
721 2103 864 2158 conuiuios
883 2104 1001 2160 13¹0st
1018 2121 1087 2160 corr.
1103 2105 1146 2160 B²
1227 2122 1297 2160 com·

154 2186 237 2241 modo
256 2185 431 2239 Rllsctelius
465 2183 605 2251 quomodo
628 2180 727 2235 1301).
760 2185 905 2239 commode
925 2185 994 2241 M.
1026 2184 1189 2240 commodos
1212 2185 1297 2240 Muel-

155 2269 227 2321 lerus
247 2265 386 2320 ‘Nodum’
403 2281 433 2332 p.
455 2267 492 2317 30
578 2264 638 2315 645,
658 2257 856 2318 commeminit
874 2266 903 2318 et
921 2266 1013 2320 BOD
1083 2281 1161 2318 moeae
1181 2266 1219 2320 D.
1246 2266 1297 2320 mei

155 2347 181 2400 Z
251 2345 343 2401 orisZ
411 2345 520 2412 portem
539 2340 652 2395 BD'Z.
680 2357 776 2409 parem
798 2341 903 2397 0D¹F
972 2342 1174 2399 memineram
1193 2347 1298 2414 partem

155 2425 289 2482 orationis
307 2425 459 2481 Muellerus
479 2424 617 2479 ‘Noclrtn’
635 2441 665 2492 p.
685 2428 722 2477 56
812 2427 871 2478 646.
886 2427 980 2478 tacere
995 2440 1079 2493 quom
1095 2423 1165 2479 FZ.
1194 2425 1299 2480 taceres

155 2551 238 2603 quom
260 2532 323 2586 01).
351 2499 452 2586 tecerll
476 2549 522 2598 qm
540 2530 589 2584 13¹.
618 2526 847 2599 tacel'llllllqoom
866 2529 907 2584 B'
991 2533 1035 2584 est
1053 2530 1214 2586 BODFZ

156 2619 215 2669 647.
235 2612 351 2666 Minime
370 2613 499 2678 sputator
518 2612 641 2664 screator
659 2625 719 2663 sum
741 2608 807 2662 M.
836 2608 960 2664 Minimis
977 2609 1107 2676 (Minime
1117 2609 1170 2680 13¹)
1188 2611 1299 2681 putetur

156 2692 301 2747 scrshetor
319 2708 380 2743 sum
399 2690 439 2756 B,
465 2690 511 2744 sed
529 2691 643 2759 potator
666 2688 804 2742 scortator
822 2689 863 2743 B’
880 2691 913 2743 in
930 2706 1016 2760 storo.
1044 2688 1168 2745 Minimis
1188 2692 1300 2762 putetur

156 2797 269 2853 scrnhst
287 2814 380 2850 orsum
400 2795 429 2851 0.
459 2789 666 2866 Minimisputnt
685 2761 778 2849 sorrllrt
797 2795 860 2850 oreti
877 2795 907 2848 D
959 2796 1075 2851 minime
1093 2797 1239 2852 muccidus
1253 2797 1300 2852 Oa·

156 2878 299 2933 sonorius.
334 2874 477 2929 minimem
503 2874 617 2929 uccidus
645 2876 674 2930 0.
706 2874 821 2928 minimo
845 2876 968 2946 intensae
985 2893 1047 2931 cum
1069 2878 1143 2931 vocis
1166 2875 1301 2944 (motusl)

156 2975 258 3012 rasura
276 2956 311 3010 B.
347 2955 463 3009 minimo
484 2955 612 3010 succidns
631 2973 664 3010 ex
692 2953 807 3007 minime
835 2954 950 3008 uccidus
968 2956 1006 3009 D.
1037 2955 1152 3011 minimo
1176 2955 1301 3011 succiduo

157 3037 218 3092 ΒΖ
287 3040 347 3089 648.
373 3035 463 3104 Vero,
481 3053 558 3106 quem
577 3037 608 3090 in
631 3035 755 3106 marqlnc
777 3039 885 3089 tantum
908 3036 936 3089 Β
959 3036 1051 3104 latet,
1070 3037 1139 3092 delet
1162 3036 1302 3092 Betucius

248 3118 324 3221 epol*
338 3152 367 3205 D
439 3167 561 3206 noenum
579 3152 608 3205 in
626 3149 735 3220 Apulis,
754 3164 874 3202 noenum
893 3147 1043 3206 Aminulos
1056 3151 1224 3208 Ribbecklus
1240 3153 1303 3207 olim

157 3234 224 3298 (nisi
243 3232 314 3301 quod
333 3229 493 3297 Animulas)
513 3237 538 3285 el
551 3231 732 3285 Buechelerus
750 3229 820 3283 Noc.
841 3246 907 3283 ann.
921 3230 972 3284 vol.
992 3235 1030 3285 87
1048 3234 1086 3298 (α.
1103 3235 1190 3299 1863)
1207 3248 1237 3301 p.
1251 3235 1303 3288 774

159 3314 205 3379 (cs.
229 3310 366 3378 Berolius
391 3310 487 3379 Opusc.
512 3312 564 3366 col.
589 3311 610 3362 Ι
633 3326 662 3379 p.
687 3313 763 3375 673).
800 3324 857 3362 non
882 3307 957 3362 enim
981 3310 1011 3364 in
1036 3309 1128 3379 epulis
1154 3328 1213 3366 non
1243 3327 1303 3364 sum

158 3391 188 3444 in
207 3389 295 3443 imula
313 3389 508 3458 (suminimnle
527 3391 560 3459 (l)
577 3388 643 3444 BG.
668 3388 817 3444 nonenim
841 3390 916 3454 (anlc
935 3388 1009 3444 onim
1028 3391 1143 3446 deletum
1160 3406 1198 3444 en
1216 3392 1248 3445 in
1264 3392 1305 3458 D)

159 3473 188 3525 in
210 3469 301 3538 opulis
321 3486 377 3523 non
396 3488 457 3524 snm
476 3470 594 3525 inimula
612 3469 683 3525 DF.
711 3465 861 3523 nonenim
884 3465 915 3522 in
933 3469 1024 3537 epulis
1043 3487 1099 3525 non
1119 3487 1179 3523 sum
1199 3471 1229 3526 in
1247 3488 1303 3524 um-

160 3551 221 3604 bria
240 3551 271 3604 Ζ.
304 3568 360 3604 non
379 3569 440 3605 snm
460 3550 488 3604 in
507 3549 616 3620 Apulis,
635 3567 690 3604 non
704 3547 853 3602 Animulae
868 3547 1043 3604 Rilsclrelics.
1077 3549 1213 3605 Aminulo
1230 3551 1304 3621 apud

161 3631 273 3686 Festum
296 3629 426 3701 Scallycr.
464 3647 519 3685 non
543 3630 616 3689 enim
635 3629 665 3683 in
689 3630 801 3699 Apulis,
830 3648 884 3685 non
903 3629 1051 3685 Animulas
1074 3631 1195 3685 Bottlus
1212 3648 1304 3688 scmu-

158 3713 224 3767 dum
243 3710 404 3779 Scioppium
422 3711 500 3780 opud
521 3709 690 3766 Gronovium
709 3716 776 3778 (non
795 3709 875 3778 Scep.
896 3711 954 3765 lect,
976 3708 1003 3763 V
1018 3713 1055 3778 3).
1084 3710 1119 3776 cf.
1138 3712 1234 3767 testim.

158 3796 218 3846 649.
238 3788 293 3845 ΡΑ.
313 3790 385 3846 libri.
423 3789 545 3845 PLEVS.
565 3791 700 3844 Pictorem
718 3797 824 3846 secutus
840 3789 1049 3854 Tautmonnus,
1067 3788 1237 3846 Riochatus

159 3867 412 3939 Olcpidissumum
435 3871 576 3925 hominem
591 3870 719 3924 Brixius.
749 3868 911 3939 Olepidum
930 3869 999 3924 semi
1017 3886 1112 3924 semne
1123 3868 1187 3925 01).
1226 3869 1304 3926 Olc-

159 3953 254 4020 pidum
274 3951 378 4005 semine
397 3951 433 4004 Β.
471 3950 493 4004 Ο
514 3948 640 4020 lepidum
664 3948 864 4004 semisencmne
880 3948 917 4006 F.
955 3948 977 4002 O
997 3947 1120 4020 lepidcm
1139 3951 1304 4006 semisenem

159 4031 190 4083 Z.
219 4030 381 4099 Olepidum
397 4029 544 4086 semisonm
560 4031 616 4085 cccl.
633 4029 805 4084 Rooerr'anus
823 4026 917 4098 Lc'nsii
930 4029 998 4082 Ant.
1013 4030 1105 4084 lect]
1118 4034 1161 4085 19.
1200 4030 1305 4101 Olepi·

161 4109 226 4162 dnm
243 4110 364 4163 senicem
379 4109 497 4179 Lipsius
511 4111 527 4166 l.
543 4127 563 4165 s.
579 4127 599 4164 s.
615 4116 640 4164 et
654 4110 798 4180 Epistolic.
818 4115 919 4178 quaest.
935 4110 956 4161 I
957 4110 997 4162 ΙΙ
1007 4113 1054 4175 24,
1075 4108 1158 4178 ‘quod
1175 4125 1234 4165 non
1250 4111 1306 4164 nst

159 4190 199 4242 sic
217 4194 322 4242 lucare:
350 4187 459 4257 Edepol
477 4189 601 4258 lepidum
626 4189 758 4244 senicem’
784 4190 964 4255 thscltelc'us,
982 4189 1031 4256 qui
1051 4186 1073 4242 0
1093 4187 1304 4256 lepidissumnm

162 4284 255 4321 sonem
272 4269 364 4322 edidit.
404 4267 425 4321 0
446 4269 570 4336 lepidum
592 4269 723 4339 soricem,
743 4270 831 4324 omnis
856 4271 953 4339 Bunqe
972 4269 989 4323 l.
1008 4284 1029 4323 s.
1048 4285 1069 4323 s.
1107 4266 1245 4338 Lepidum
1264 4284 1304 4324 se·

161 4347 305 4400 necionem
333 4346 497 4401 Ribbeckins
586 4355 723 4405 memorat
741 4349 859 4404 uirtutes
882 4349 1037 4404 Scutarios.
1059 4353 1233 4404 memoratur
1250 4347 1304 4405 tuis

162 4424 292 4481 BGDF.
319 4427 569 4481 memoreturtuus
588 4428 614 4480 Z
