2910 5528
630 755 836 812 PRAEFATIO
1223 756 1299 811 XXV

155 942 352 1005 quamquam
373 920 449 985 huic
469 920 671 986 coniecturae
696 941 762 984 non
781 918 919 983 multum
943 919 1120 984 tribuerim.
1154 918 1299 1005 Denique

154 1048 239 1094 curras
252 1027 388 1094 uerbum
408 1027 469 1093 snb
486 1028 584 1092 finem
603 1028 711 1093 1208
732 1026 909 1091 abscissum
928 1028 1037 1091 nescio
1052 1049 1094 1090 an
1113 1032 1300 1111 corruptum

153 1134 264 1200 1181
295 1135 424 1200 initium
458 1135 619 1219 attigerit,
645 1155 742 1198 versu
771 1154 845 1198 vero
877 1134 937 1197 171
971 1133 1087 1198 lacuna
1116 1132 1175 1218 (Vt
1204 1135 1300 1217 lepricte

154 1261 257 1307 ornnes
274 1240 419 1325 <mo>res
437 1247 515 1306 tenet
530 1242 753 1324 sententiasque
769 1239 947 1326 amantum)
967 1246 1065 1325 auget
1084 1241 1299 1324 suspicionem

153 1349 190 1412 de
214 1371 245 1413 v.
267 1347 342 1433 194,
366 1348 422 1412 ubi
445 1349 473 1412 si
495 1347 575 1413 miti
596 1369 656 1431 pro
678 1348 739 1412 mei
762 1347 867 1412 forma
891 1347 1097 1431 exquisitiore
1120 1346 1300 1430 inferimus,

154 1455 273 1538 lenem,
297 1454 353 1520 sed
377 1455 506 1520 inanem
529 1454 688 1520 medelam
711 1454 902 1520 adhibemus
933 1454 1110 1538 meliusque
1134 1476 1172 1519 ex
1195 1453 1301 1518 media

155 1563 272 1627 lacuna
296 1562 403 1628 locum
426 1559 662 1649 sanabimus*).

242 1668 366 1745 Quodsi
379 1668 440 1733 has
452 1691 532 1752 quas
547 1671 760 1734 tractavimus
775 1671 906 1734 lacunas
921 1673 977 1734 aut
992 1690 1102 1734 omnes
1117 1671 1173 1733 aut
1187 1668 1301 1733 certio-

154 1771 265 1861 res**)
290 1775 407 1839 saltem
425 1775 620 1841 conferimus
638 1798 711 1841 cum
735 1777 857 1858 tabula,
880 1797 943 1859 qua
962 1773 1138 1860 Seyffertus
1159 1775 1299 1859 priorem

153 1881 286 1947 fabulae
304 1885 431 1965 partem
447 1883 584 1967 singulis
603 1883 769 1967 archetypi
784 1883 872 1948 foliis
888 1882 1061 1948 discribere
1075 1882 1219 1971 modeste
1234 1885 1300 1946 stu·

154 1989 239 2070 duit,
263 1989 408 2073 plerique
427 2011 493 2054 non
513 1994 695 2074 congruunt
717 1990 789 2054 loci.
822 1989 910 2065 Quae
930 1990 1043 2054 tabula
1062 1990 1123 2054 etsi
1144 1988 1303 2054 similibus

155 2094 414 2159 dubitationibus
437 2094 655 2181 obnoxiaest,
678 2097 716 2160 dc
736 2097 853 2181 quibus
872 2117 970 2181 supra
994 2096 1131 2161 diximus
1155 2097 1188 2160 in
1208 2117 1304 2180 quae-

154 2202 261 2267 stione
286 2201 326 2265 de
353 2206 500 2267 extrema
526 2201 655 2267 fabulae
683 2208 776 2288 parte
801 2224 838 2267 ex
867 2202 1043 2287 archetypo
1073 2202 1304 2285 distribuenda,

155 2313 267 2374 tamen
292 2307 424 2373 omnino
447 2329 543 2392 aegre
566 2308 748 2393 continget,
771 2314 808 2374 ut
830 2331 979 2374 versuum
1004 2309 1245 2394 discriptionem
1265 2331 1303 2374 ex

153 2414 206 2479 his
238 2415 364 2480 lacunis
392 2414 600 2499 conspicuam
628 2416 768 2499 simplici
797 2417 1038 2499 computatione
1066 2439 1138 2481 cum
1163 2438 1201 2481 ea
1231 2437 1303 2481 con-

154 2522 261 2604 cilies,
290 2543 371 2605 quae
400 2521 433 2585 in
460 2521 568 2587 media
595 2526 688 2605 parte
717 2545 755 2586 ex
784 2523 985 2605 argumentis
1014 2524 1204 2588 certissimis
1235 2525 1303 2588 crui

156 2628 275 2712 potuit.
303 2625 415 2712 Neque
439 2632 548 2692 tamen
569 2629 614 2693 sic
634 2633 689 2693 aut
708 2629 964 2694 dubitationibus
989 2635 1202 2714 removentur,
1221 2653 1302 2715 quae

156 2735 333 2818 effecimus,
352 2740 408 2798 aut
422 2734 584 2800 dubitatio
604 2740 752 2800 movetur
772 2737 810 2799 de
830 2738 933 2800 turbis
954 2736 1168 2821 gravioribus,
1187 2738 1302 2820 quibus

154 2840 309 2905 admissis
338 2863 487 2905 versuum
516 2841 742 2926 discriptioues
767 2865 837 2907 cum
871 2845 1081 2929 quaternione
1112 2844 1169 2908 illo
1198 2844 1303 2908 medio

154 2948 339 3010 concinant.
375 2946 479 3011 Immo
504 2948 693 3012 sumendum
718 2950 836 3013 erit-
861 2949 894 3012 id
914 2949 1000 3034 quod
1024 2951 1122 3014 etiam
1143 2951 1175 3014 in
1198 2952 1303 3015 media

154 3060 249 3137 parte
278 3052 318 3117 de
346 3054 417 3119 loco
446 3055 585 3139 quodam
616 3056 821 3120 statuendum
852 3062 921 3120 erat
947 3094 984 3102 -
1018 3058 1073 3120 alii
1102 3059 1194 3141 eique
1223 3059 1304 3121 auti-

154 3160 264 3245 quiori
289 3160 467 3245 archetypo
490 3162 680 3227 tribuendas
698 3184 770 3227 esse
789 3163 847 3227 has
867 3165 1000 3228 lacunas
1020 3186 1039 3228 a
1063 3165 1203 3229 librariis
1224 3165 1302 3247 ipsis

153 3290 223 3333 non
246 3267 418 3350 indicatas,
442 3269 496 3332 sed
516 3292 554 3332 ex
574 3273 677 3334 metro
697 3269 808 3355 lingua
833 3272 996 3334 sententia
1015 3276 1129 3355 certas,
1153 3272 1207 3335 alii
1227 3293 1302 3335 vero

154 3397 221 3452 eas,
247 3396 328 3458 quas
352 3375 522 3458 plerasque
545 3377 660 3460 spatiis
684 3377 793 3440 vacuis
817 3377 944 3441 librarii
970 3378 1149 3462 signarunt.
1190 3375 1303 3461 Neque

154 3483 243 3545 enim
268 3503 333 3545 uno
362 3486 473 3546 tenore
497 3483 671 3568 eodemque
696 3488 842 3566 tempore
871 3484 950 3548 haec
975 3485 1092 3548 damna
1119 3485 1210 3549 illata
1234 3506 1303 3548 esse

154 3588 256 3652 etiam
278 3587 352 3651 inde
371 3592 474 3672 patet,
498 3589 583 3673 quod
603 3595 727 3673 partem
753 3591 941 3655 lacunarum
962 3593 993 3654 Α
1014 3613 1086 3655 cunr
1111 3592 1142 3655 P
1162 3613 1303 3655 commu·

152 3718 232 3759 nem
256 3692 445 3779 habeam),
469 3697 522 3779 qui
547 3697 579 3759 in
599 3697 672 3760 aliis
697 3696 809 3760 multis
830 3719 848 3760 1
867 3697 940 3760 labe
964 3699 1115 3763 immunis
1139 3699 1304 3764 remansit.

518 3808 550 3862 0

246 3925 272 3989 *)
302 3922 373 3978 Sane
393 3939 426 3977 ex
445 3925 561 3992 vulgata
579 3945 604 3980 r.
627 3932 677 3979 191
698 3926 919 3980 conformatione
938 3927 1046 3996 Scaptio
1066 3946 1166 3982 nomen
1186 3930 1304 3982 euruloru

152 4008 222 4059 aute
243 4019 390 4056 caesuram
409 4002 501 4057 locum
520 4007 606 4070 tenet,
626 4022 709 4072 quem
731 4011 970 4060 1151161171
990 4011 1116 4076 occupat.
1142 4009 1197 4061 Sed
1217 4028 1241 4061 u.
1253 4016 1303 4061 211

152 4085 239 4137 initio
265 4082 382 4152 legitur,
403 4102 427 4136 v.
443 4088 495 4136 223
518 4084 547 4137 in
566 4083 656 4138 altera
680 4087 831 4153 septenarii
850 4087 963 4140 iambici
984 4091 1077 4155 pente:
1104 4087 1171 4140 item
1193 4106 1255 4140 nrox
1276 4090 1304 4139 iu

154 4162 327 4234 septenariis
345 4163 496 4218 trochaicis
515 4183 540 4217 v.
555 4169 615 4218 248.
635 4170 696 4218 abo,
716 4171 768 4219 282
788 4168 855 4235 apte
875 4166 982 4220 claudit
1002 4185 1124 4230 versarii,
1145 4169 1192 4219 scd
1213 4185 1236 4220 v.
1252 4173 1303 4219 252

152 4246 256 4299 eadem
287 4242 395 4297 ratione
424 4243 590 4311 collocatur,
614 4261 670 4311 qua
694 4261 727 4298 ex
751 4248 913 4300 coniectura
942 4249 1038 4299 nostru
1063 4264 1086 4299 v.
1106 4253 1155 4299 194
1184 4247 1304 4314 ponitur.

154 4324 286 4391 Denique
306 4324 336 4376 in
350 4341 375 4378 v.
388 4331 447 4390 174,
467 4325 514 4377 ubi
534 4324 661 4393 plerique
677 4326 743 4378 item
758 4328 823 4379 ante
839 4342 983 4379 caesuram
1001 4329 1164 4393 posueruut,
1184 4325 1304 4379 similem

152 4409 250 4461 locum
271 4403 388 4457 habebit
406 4406 491 4473 atque
511 4424 536 4460 v.
552 4409 611 4458 211.
630 4412 691 4471 223,
711 4407 734 4459 si
754 4406 847 4459 sedem
868 4405 1043 4474 corruptelae
1055 4407 1092 4480 ¹in
1111 4405 1203 4460 medio
1224 4424 1305 4459 versa

153 4484 327 4555 quaerimus,
339 4501 393 4551 quo
407 4485 482 4538 sacto
500 4502 554 4538 uno
573 4486 643 4551 1111,
655 4504 710 4540 non
728 4485 836 4539 duobus
855 4490 886 4539 ut
899 4485 992 4550 ceteri,
1007 4503 1113 4539 vorsum
1133 4485 1305 4554 corrigimus.

233 4564 276 4630 11)
297 4563 495 4617 Incertioribus
515 4565 581 4619 addi
605 4568 700 4633 potest
719 4573 825 4632 1204,
851 4568 898 4619 ubi
920 4567 1006 4619 ‘aere’
1029 4567 1074 4620 vel
1095 4567 1231 4634 ‘sumptu'
1254 4568 1304 4620 sub

151 4649 239 4700 finem
260 4642 450 4711 desideratur,
470 4663 531 4699 curn
553 4664 578 4699 v.
594 4651 661 4713 224,
680 4645 728 4698 ubi
747 4653 790 4700 sut
810 4664 879 4699 uuus
900 4648 927 4700 B
947 4647 1044 4712 habet,
1069 4646 1143 4715 quod
1170 4647 1251 4700 facile
1272 4665 1304 4701 ex

152 4733 245 4779 1217
263 4724 390 4793 suppleri
405 4724 506 4794 potuit.
536 4725 612 4789 Quae
632 4726 656 4779 si
672 4728 830 4791 cohaerent,
851 4728 954 4780 rectius
971 4726 1004 4780 cle
1020 4728 1147 4781 liberauit
1162 4726 1263 4798 <ucru>
1279 4730 1307 4779 11

150 4803 274 4876 (Sutia)
290 4805 316 4857 si
334 4805 385 4857 tibi
404 4805 582 4873 cogitabitun
612 4806 666 4859 Sed
683 4809 798 4875 uterque
814 4807 939 4860 11111111
956 4807 1037 4861 alitor
1052 4806 1184 4875 explicari
1204 4815 1305 4874 porc-st.

215 4883 274 4949 ***)
303 4883 376 4938 Saue
401 4883 526 4939 Klotzins
553 4887 581 4938 iu
605 4903 720 4939 censura
741 4887 857 4940 Casiuac
883 4903 899 4940 1
926 4902 969 4939 me
990 4888 1081 4940 edituo
1107 4889 1222 4957 negavit
1248 4889 1305 4941 ullo
