2910 5528
499 1640 766 1716 AOTVSI

545 1952 734 2009 'romvs

107 2112 173 2190 Qui
199 2114 310 2178 amane
334 2133 430 2199 egens
454 2113 621 2198 ingressus
646 2117 696 2177 eet
719 2112 868 2198 princeps
887 2113 920 2177 in
941 2114 1209 2200 amaricanda,

107 2220 283 2305 Supereuit
306 2217 467 2285 aerumnis
491 2220 558 2311 sais
583 2224 752 2284 aeramnae
776 2219 910 2285 Herculi
932 2243 995 2286 sex.

55 2327 153 2392 Nam
172 2331 245 2391 crim
265 2327 373 2413 leone,
392 2349 464 2395 aum
483 2328 623 2410 excetra,
644 2348 715 2391 cum
735 2329 843 2411 ce'rua,
862 2349 933 2392 cum
954 2349 1031 2412 apro
1048 2327 1210 2412 Aetaliao,
1269 2333 1274 2346 '

158 2562 235 2610 1-5.
254 2556 404 2627 [Seruius]
423 2557 460 2610 aa
483 2556 561 2625 Vera.
582 2556 651 2610 Bac.
669 2555 700 2608 X
714 2561 764 2610 69.-
791 2557 886 2610 0mnia
909 2555 997 2611 uincit
1015 2572 1093 2610 emor
1112 2560 1141 2612 et
1158 2574 1209 2612 nos

59 2638 201 2693 cedamus
224 2636 327 2708 amori]
351 2635 440 2691 cuiuis
464 2637 537 2690 enim
561 2634 671 2690 facilius
695 2653 778 2704 quem
802 2635 899 2691 Amori
924 2640 1108 2706 repugnatur,
1134 2638 1209 2707 quod

57 2717 214 2787 eleganter
227 2716 343 2770 Plautus
358 2715 492 2785 explicuit
511 2715 579 2784 ‘qui
598 2733 713 2770 amane
787 2732 885 2784 quam
904 2732 975 2769 cuni
996 2719 1126 2772 emare’

57 2804 86 2852 3.
109 2798 177 2852 Huc
194 2799 281 2852 traua
296 2798 491 2865 Deuerliayiua
505 2797 617 2851 Placidi
627 2814 656 2865 p.
672 2800 745 2863 41‚2
765 2799 913 2851 excetra:
933 2797 1081 2865 multiplex
1096 2814 1209 2867 serpens

58 2879 123 2934 coll.
145 2877 244 2932 Seruio
263 2879 299 2932 aa
317 2877 386 2931 Aea.
405 2877 452 2932 VI
462 2880 527 2931 287.

156 3092 210 3147 Per
237 3096 320 3146 totam
347 3092 403 3157 fere
429 3092 555 3157 fabulam
581 3092 720 3145 scieudum
748 3097 786 3146 att
808 3108 989 3160 personarum
1012 3094 1125 3147 aomina
1149 3110 1210 3148 cum

62 3176 196 3244 pleraque
219 3173 250 3225 iu
268 3188 429 3227 scaenarum
447 3172 674 3240 inscriptionibus
693 3178 751 3226 tum
771 3174 863 3226 amata
881 3174 912 3227 ia
930 3175 1025 3228 mediis
1043 3176 1210 3229 sationibus

64 3272 120 3309 aaa
139 3255 170 3307 iu
191 3253 271 3307 ODa
288 3257 409 3318 tautum,
433 3254 479 3306 cccl
501 3253 583 3306 etiam
606 3253 638 3305 iu
656 3253 683 3304 Β
702 3254 864 3307 desiderari.-
889 3259 920 3306 ut
937 3255 1040 3320 abacta,
1065 3256 1122 3308 uisi
1140 3272 1209 3325 quae

67 3334 158 3386 adesse
177 3337 313 3398 testemur,
332 3332 464 3385 credenda
482 3333 546 3385 ciat.
575 3332 721 3386 Praeterea
738 3351 808 3403 quae
826 3335 857 3387 r'a
875 3334 970 3388 mediis
984 3335 1106 3388 versibus
1119 3351 1209 3389 vacua

68 3415 159 3481 spatia
182 3413 280 3466 relicta
304 3428 358 3466 ecee
379 3412 464 3466 uolent
486 3417 566 3466 notas
585 3430 766 3480 personarum
789 3421 919 3483 capt-ura,
945 3420 1001 3468 tam
1020 3432 1109 3482 parco
1132 3431 1210 3484 saepe

71 3495 171 3548 ambitu
189 3499 255 3547 suut
273 3493 304 3546 in
322 3491 360 3559 B,
378 3493 426 3546 via
445 3498 475 3546 ut
491 3494 560 3547 eatis
579 3493 731 3562 (liquescas.
768 3495 946 3549 Correcturac
966 3496 1023 3548 uisi
1040 3497 1210 3549 contrarium

71 3579 197 3629 testamur
215 3573 332 3627 eiusdem
350 3589 450 3627 marrus
467 3579 531 3626 ruat
604 3574 665 3626 Act.
681 3575 702 3627 Ι
717 3573 759 3628 Sc.
776 3581 790 3627 1
811 3587 940 3629 comus
958 3575 986 3627 A
1002 3593 1057 3629 arua
1070 3581 1210 3644 praeterea

73 3669 145 3708 vasu
163 3670 251 3711 aaauo
269 3654 382 3723 itemque
400 3669 478 3707 versu
496 3670 582 3707 vacua
600 3655 673 3708 inter
691 3672 715 3707 v.
730 3660 748 3708 6
767 3660 790 3708 et
809 3660 827 3708 7
845 3656 951 3721 relicta,
970 3657 1019 3724 qui
1036 3657 1111 3710 haud
1129 3657 1211 3711 dubie

73 3749 161 3788 noram
184 3751 312 3789 scaenam
332 3734 447 3788 iudicat.
484 3732 638 3787 TOXILVS
659 3764 664 3776 ·
685 3733 901 3788 SAGARISTIO
923 3766 927 3776 ·
949 3734 1057 3789 SERVI
1078 3767 1083 3777 ·
1103 3735 1128 3788 Η
1149 3765 1155 3777 ·
1174 3737 1211 3803 B,

74 3816 165 3880 quibus
186 3814 357 3882 praecedunt
383 3813 523 3883 sinqularr'
550 3829 630 3867 ccreu
654 3815 757 3883 scripta
781 3813 895 3869 Toxilus
923 3813 1083 3883 Sagaristio.
1126 3818 1210 3869 utrius

73 3907 156 3949 rauce
178 3895 300 3963 epatium
325 3892 411 3948 GDa.
450 3891 558 3946 SERVI
574 3922 579 3934 ·
594 3891 619 3944 11
635 3923 640 3934 ·
656 3893 860 3949 SAGARlstiue
878 3894 1000 3949 Toxilus·
1021 3896 1071 3949 Db
1091 3901 1129 3961 ct,
1153 3897 1210 3949 uisi

72 3976 137 4039 quod
155 3972 322 4043 Sagaristio,
340 3973 371 4028 Z.
409 3972 524 4027 Toxilus
545 3971 710 4041 Sagaristrio
730 3973 800 4027 serui
821 3973 876 4027 duo
896 3975 926 4026 F

155 4061 179 4108 1.
199 4057 1070 4120 cautamslaeartemenessaeescrmacersraaircurrai-
1090 4055 1116 4105 A
1138 4053 1209 4118 Quia

66 4144 129 4187 man
147 4133 247 4203 regens
261 4134 289 4185 B
340 4133 412 4198 Quia
430 4132 511 4187 mans
526 4132 556 4184 Β
614 4133 744 4188 clBGD
797 4133 828 4185 In
844 4135 870 4186 B
939 4133 1041 4186 umoris
1061 4132 1149 4187 undae
1168 4132 1208 4188 Β.

39 4267 53 4293 ⁴
63 4214 168 4268 amoris
176 4214 239 4267 uias
245 4215 271 4266 B
279 4213 333 4268 OD
341 4213 371 4267 F
375 4214 405 4267 Z.
427 4213 531 4267 amoris
537 4213 613 4266 uiam
624 4214 739 4268 Seruius
749 4215 784 4280 β)
831 4220 855 4265 ⁶2.
868 4226 1208 4267 SUPERAUITAERUMNIS·

58 4299 463 4363 Soleuessuimusxeecuh-
479 4295 504 4346 A
570 4293 711 4347 aerumnis
726 4293 754 4346 in
773 4292 829 4346 luil'
844 4293 958 4346 Seruius
1030 4291 1142 4346 Herculi
1162 4310 1209 4347 sex

55 4366 214 4443 Seyffertus
226 4376 258 4427 iu
271 4375 408 4428 Bursr'aui
420 4373 524 4426 Annal.
533 4374 589 4425 XL
596 4373 661 4427 VII
665 4392 693 4441 p.
706 4380 755 4426 111
767 4374 832 4426 arla.
851 4370 959 4425 herculi
974 4372 1127 4427 BCDaF.
1147 4373 1209 4427 her·
1285 4430 1290 4439 ,

52 4453 138 4505 culis
156 4454 246 4521 DaZ,
274 4455 390 4508 Seruius
413 4456 449 4523 (³⁸)
543 4464 566 4508 3.
593 4466 1209 4509 aaacaricecuecairexce'rauccircceao·

50 4535 268 4587 OUMAPR—
287 4536 314 4588 A
386 4551 450 4588 cum
474 4537 585 4590 excetra
608 4552 666 4588 curu
690 4536 715 4586 A
742 4540 767 4587 et
785 4534 882 4587 Seruio
906 4534 1056 4603 (exteteret)
1075 4533 1152 4588 Plus.
1181 4537 1210 4589 et

50 4650 269 4704 eumeescetera
282 4651 318 4704 Β.
338 4653 368 4705 et
382 4667 444 4706 cum
459 4653 589 4706 exlcedre
600 4652 622 4704 Ο
628 4650 659 4703 Ζ.
680 4652 708 4702 et
723 4665 785 4702 cum
801 4624 919 4701 exscedra
929 4647 981 4703 Da
997 4615 1125 4717 (exsceulre
1140 4650 1207 4717 Da).

48 4723 94 4775 et
113 4747 170 4784 cum
184 4730 257 4799 ydra
272 4729 302 4783 F
346 4732 404 4786 curi
418 4748 501 4787 cerua
517 4731 545 4787 Ο.
565 4749 614 4785 om.
631 4730 746 4786 Seruius
796 4730 913 4785 aetolito
927 4730 962 4786 Β.
983 4728 1209 4787 athalicoODF.

48 4802 167 4866 etolieo
186 4811 305 4866 Seruiuc
