2910 5528
200 357 271 404 χχιι
668 336 871 391 PRAEFATIO

201 503 274 577 sulse
292 532 325 542 —
346 502 439 570 Coqua
457 505 494 554 est
515 531 544 538 -·
574 499 598 551 V
598 505 608 552 t
625 503 739 552 raaceret
758 528 791 538 -
811 498 908 551 Sat-
925 497 1038 567 Quiesce
1052 526 1087 535 -
1103 495 1206 548 Omnia
1221 523 1254 535 -
1268 494 1349 550 Dim

202 613 235 621 --
255 583 378 650 ltiauum
399 610 432 620 -
452 580 495 634 Ec
514 581 580 648 quid
599 610 632 619 —
653 577 728 632 Cedo
748 609 776 617 -
804 576 838 630 Vt
851 592 899 646 eqo
915 607 943 616 -
961 576 1056 630 Amem
1074 606 1103 616 -
1120 575 1211 631 Toeeo
1225 604 1260 617 —
1275 575 1349 646 ΟΜ

203 693 231 701 -
261 660 423 715 Veneris-
445 660 540 713 Turba
559 665 597 713 est
616 690 649 698 -
669 658 790 711 Proseela
813 688 846 697 -
871 658 993 711 Miseros
1012 688 1045 698 -
1071 656 1135 730 Οαρ
1148 659 1202 712 tibi
1220 688 1255 697 -
1274 657 1349 728 Quos

200 742 267 794 redeo
287 771 319 779 -
339 740 459 793 Dormem
479 771 509 778 -
530 738 556 791 L
575 741 606 791 iu
629 740 730 792 malam
753 768 784 776 -
812 737 869 791 Pro
886 738 996 805 sidium
1024 768 1058 777 —
1085 736 1127 791 Ee
1144 742 1297 792 monstrum
1315 768 1347 778 -

203 824 261 890 Quo
280 822 378 873 uis-
397 818 450 872 Dii
469 850 501 857 -
523 818 597 886 Quid
617 850 648 856 —
670 818 726 886 Qui
738 818 804 871 baec
824 849 856 856 -
876 817 960 871 Hauc
978 848 1012 856 -
1033 818 1159 886 Milphio
1171 819 1239 873 mar
1258 848 1291 858 -
1310 821 1349 872 At

202 916 248 968 rao
268 930 301 939 —
322 899 399 951 Haec
418 899 505 952 didici
523 929 556 937 —
579 898 710 966 Tetiqem's
725 929 755 936 -
775 898 880 967 Quibus
896 928 926 936 -
942 898 1058 966 Aspieio
1072 928 1105 938 -
1121 898 1212 952 Iaraao
1226 929 1260 939 -
1274 898 1348 953 Nan

198 995 250 1046 pro
270 1009 303 1016 —
324 983 384 1031 295.
406 978 425 1029 I
442 979 474 1031 iu
493 1008 524 1016 —
546 977 680 1044 Perpetuo
698 1008 734 1016 -
752 983 815 1030 323.
833 978 873 1030 At
891 993 938 1046 eoo
957 975 1086 1047 -ΟΜ
1099 1008 1136 1017 -
1149 976 1302 1047 Splendeat
1317 1008 1346 1017 -

201 1058 271 1113 Cedo
294 1089 329 1097 —
355 1056 464 1111 Tractes
488 1088 520 1096 -
547 1058 607 1126 Qua
626 1058 658 1110 de
682 1088 715 1096 -
741 1056 852 1111 Veneris
875 1087 908 1097 —
931 1057 999 1111 Noa
1023 1088 1056 1095 —
1081 1057 1170 1113 Prius
1190 1089 1224 1098 -
1248 1057 1347 1113 Sacru-

199 1140 282 1204 ficam
302 1169 334 1176 -
355 1136 402 1190 Ita
424 1168 451 1174 -
475 1137 595 1206 Milphio
612 1168 643 1175 —
661 1139 822 1191 Obsecro-
838 1136 975 1191 Sisumam
989 1166 1021 1177 -
1038 1137 1165 1207 Ecquid
1178 1169 1214 1179 -
1231 1138 1347 1193 Midiae

201 1248 234 1256 -
254 1218 373 1270 addecet
392 1246 425 1256 -
446 1216 559 1285 Sequere
578 1248 611 1255 —
631 1217 723 1270 Adeas
742 1245 775 1256 —
795 1216 880 1270 Salue
903 1247 936 1256 -
960 1217 1000 1270 Et
1018 1218 1105 1272 oleum
1124 1249 1157 1258 -
1183 1216 1297 1274 Veneris
1314 1249 1345 1259 -

202 1297 333 1364 Propitiis
353 1326 385 1335 -
408 1295 481 1364 Qreid
499 1296 567 1348 milri
584 1328 620 1335 —
641 1295 714 1364 Quid
734 1326 765 1333 -
786 1295 848 1364 Eoo
868 1326 901 1335 -
920 1294 1105 1363 Spectandum
1119 1326 1153 1336 -
1170 1296 1344 1351 Meretricum
1444 1348 1455 1372 -.=

200 1409 233 1418 -
252 1379 428 1431 Iaueadibili
447 1407 479 1415 -
499 1375 645 1429 Facite-
662 1376 736 1445 Quid
750 1378 793 1431 ais
805 1406 843 1415 —
859 1374 918 1444 Οιιο
931 1375 976 1429 die
988 1404 1025 1415 -
1038 1375 1139 1430 Neseio
1154 1405 1189 1416 -
1204 1381 1266 1431 bbb.
1280 1376 1343 1431 lan

199 1456 286 1511 berete
305 1488 334 1495 -
359 1457 447 1526 Quam
466 1487 498 1496 -
520 1456 637 1509 Faciam
658 1488 688 1495 -
710 1462 770 1510 361,
786 1455 929 1510 Liberaret
948 1486 981 1495 -
1000 1455 1095 1524 Neque
1107 1471 1227 1524 ammam
1245 1484 1279 1495 -
1297 1456 1344 1511 Ita

201 1567 233 1576 —
253 1535 298 1590 Eo
316 1537 383 1604 qaid
404 1567 435 1575 —
462 1537 528 1589 Mea
548 1537 697 1590 araceuitas
718 1568 746 1574 --
769 1536 886 1590 Seruium
911 1565 942 1575 -—
967 1534 1050 1589 Meua
1069 1533 1209 1589 -Iubeo
1229 1565 1262 1575 -
1279 1534 1342 1589 Sue·
1412 1586 1441 1599 5

198 1632 302 1670 cauere
328 1645 362 1654 —
394 1616 450 1670 Pro
468 1621 493 1669 te
519 1647 554 1654 —
582 1622 639 1669 379.
664 1616 741 1669 Male
765 1647 797 1655 -
825 1617 932 1669 Aruabo
956 1645 988 1653 -
1016 1614 1139 1668 Trioboli
1163 1644 1199 1655 -
1221 1614 1278 1669 Eur
1298 1632 1343 1669 uo
1374 1658 1429 1677 x

198 1699 354 1764 luurptatem
384 1726 416 1735 —
446 1696 566 1750 Salutem
589 1728 624 1736 —
648 1696 710 1749 Iam
730 1726 762 1735 -
782 1696 828 1750 Eo
850 1696 918 1763 quid
938 1724 970 1733 —
989 1693 1067 1762 Erao
1092 1724 1125 1734 —
1156 1693 1292 1764 Voluptas
1313 1726 1400 1747 -x

200 1777 313 1846 Liuyua
333 1807 361 1814 -—
387 1777 524 1845 blastiyia
544 1807 577 1816 -
600 1776 699 1830 Omnia
720 1806 752 1814 -
773 1777 886 1829 Obsecro
912 1805 942 1814 -
966 1774 1135 1827 Mauemiata
1159 1805 1193 1814 -
1213 1774 1281 1829 Mea
1295 1775 1384 1833 a:

254 1857 398 1910 Potest-
417 1862 476 1909 401.
497 1857 614 1925 Aliquid
633 1888 666 1895 -
685 1856 761 1910 Nam
784 1886 817 1896 -
844 1856 965 1909 Noeiam
989 1883 1022 1892 -
1048 1853 1097 1908 Da
1115 1870 1180 1921 ereo
1199 1884 1233 1894 -
1251 1854 1273 1907 1
1286 1870 1386 1925 erac:
1412 1902 1419 1917 ,

199 1968 230 1976 -
257 1936 355 1990 Veneri
373 1967 407 1976 -
426 1938 516 2006 Atque
533 1967 569 1975 -
587 1936 700 2005 Respice

271 2018 323 2071 uid
342 2048 373 2055 -
395 2019 555 2071 Auctionem
575 2048 607 2056 —
627 2017 718 2070 Hasce
741 2047 774 2056 —
798 2015 920 2069 Habitus
939 2045 972 2054 -
995 2014 1136 2068 Trecentos
1156 2043 1190 2053 -
1209 2013 1293 2068 Naue
1310 2045 1356 2059 -ω

199 2096 304 2150 Leuom
324 2127 358 2135 -
380 2096 484 2166 Perque
511 2128 537 2136 -
565 2095 648 2150 Disce
667 2097 785 2165 (lililpbi
804 2095 899 2161 Disce)
918 2126 949 2135 -
973 2095 1050 2148 Mihi
1067 2124 1102 2133 —
1121 2094 1238 2149 Adduce
1255 2124 1288 2135 -
1304 2094 1356 2151 Er

197 2177 365 2244 sicopboatis
389 2207 422 2215 -
447 2177 540 2244 b'aaio
560 2206 592 2215 -
613 2176 707 2245 Eyaue
726 2207 759 2233 -τ
779 2176 841 2246 Eyo
860 2181 885 2228 te
904 2205 937 2214 -
957 2175 1022 2229 Non
1041 2175 1127 2228 berete
1152 2199 1186 2214 -·
1209 2175 1346 2231 Ameneia

198 2263 236 2309 est
260 2287 291 2295 -
316 2257 399 2325 Aqua
418 2258 449 2309 ia
473 2288 506 2295 —
530 2256 642 2324 Peraia·
656 2287 686 2295 -
712 2257 806 2324 Neque
823 2257 872 2309 boc
895 2286 929 2294 —
956 2255 1031 2322 Opus
1054 2255 1079 2308 si
1098 2285 1131 2294 —
1152 2254 1247 2325 Neam
1262 2256 1343 2310 berete

200 2368 232 2378 -
252 2337 352 2390 Dicam
383 2368 411 2374 —-
444 2336 512 2390 Vide
541 2367 571 2375 -
602 2336 714 2406 Hebraei
742 2366 770 2374 -
797 2335 872 2404 Opus
898 2365 928 2375 -
953 2335 1033 2389 Abiit
1056 2365 1090 2374 -
1115 2334 1227 2389 Moram
1245 2365 1277 2374 -
1295 2335 1335 2390 He

199 2416 377 2471 oboedientem

274 2507 382 2581 iillum
401 2534 433 2542 -
454 2520 581 2572 umquam
606 2535 637 2541 —
659 2502 874 2571 Saaufieauerit
893 2536 926 2545 -
946 2504 1000 2559 Sea
1018 2534 1052 2543 —
1071 2503 1179 2559 Facere
1198 2535 1230 2544 -
1248 2505 1332 2559 Iratus

202 2616 231 2624 -
254 2585 320 2638 Nou
339 2582 410 2638 boba
428 2614 463 2623 -
482 2584 527 2637 Eo
548 2614 576 2621 -
601 2582 680 2651 Quod
693 2589 741 2659 ,sat
760 2614 793 2623 -
813 2584 860 2638 Sic
878 2602 920 2638 me
940 2616 972 2625 —
994 2584 1079 2653 Meae
1099 2614 1132 2624 -
1154 2584 1291 2654 Cotidiana
1306 2615 1329 2624 -

201 2665 336 2718 Porteudi
356 2694 388 2702 -
410 2665 484 2732 Quid
498 2665 522 2715 ei
542 2693 574 2701 -
594 2665 711 2731 Ardeati
730 2694 764 2702 —
784 2665 869 2719 Miles
887 2697 920 2704 —
941 2664 993 2719 Sed
1007 2681 1035 2718 ee
1048 2681 1109 2718 auur
1127 2694 1163 2703 —
1182 2663 1328 2718 Lenuite-

206 2745 264 2797 Vao
284 2774 316 2782 -
336 2743 487 2796 Horreimum
506 2774 539 2780 -
560 2744 632 2796 Suae
655 2774 689 2782 —
714 2744 878 2813 Quomodo
903 2775 935 2784 —
960 2743 1131 2813 Fuadasaue
1150 2774 1184 2783 —
1204 2743 1247 2798 Ne
1260 2745 1294 2799 ad
1307 2774 1330 2782 -

199 2824 263 2876 Peri
282 2840 348 2876 uras
367 2855 400 2861 —
421 2823 520 2876 Globas
544 2853 576 2859 -
603 2822 688 2876 Verba
713 2854 746 2862 -
770 2825 939 2878 decidebant
963 2854 994 2863 —
1022 2823 1076 2877 Per
1103 2852 1133 2861 -
1161 2823 1289 2893 quaam
1305 2853 1329 2863 -

199 2904 361 2967 Sacruficem
382 2934 413 2940 —
436 2902 521 2955 Credo
540 2933 573 2940 -
592 2902 671 2955 Exta
691 2934 723 2941 —
743 2903 824 2956 Nihil
848 2935 880 2943 -
900 2904 1015 2958 Elidem
1040 2934 1071 2942 -
1092 2901 1202 2958 Malam
1221 2936 1253 2944 -
1275 2903 1332 2959 Tum

198 2988 229 3033 tu
249 3012 279 3020 -
301 2982 470 3035 Meretricem
491 3012 522 3020 —
545 2984 640 3035 (tenuis
660 3014 691 3020 —
712 2983 856 3037 Decretum
876 2989 913 3037 est
932 3014 965 3023 -
985 2983 1088 3052 Sequor

269 3076 298 3123 ta
317 3087 357 3122 me
384 3102 414 3108 —
442 3076 501 3124 607.
525 3070 669 3124 'tardiores
694 3101 726 3109 -
750 3072 887 3141 Equidem
906 3103 939 3111 —
958 3071 1052 3126 Aetati
1071 3064 1105 3110 ’-
1126 3072 1230 3126 Procas
1248 3104 1279 3112 —
1298 3073 1339 3126 lte'

198 3151 291 3203 caedite
320 3181 352 3188 —
385 3151 497 3203 Homini
526 3181 557 3188 —
588 3151 717 3204 Saceretu
738 3157 775 3204 est
804 3183 836 3190 -
865 3151 905 3204 Et
919 3168 1054 3220 pauperes
1083 3182 1117 3190 -
1147 3150 1288 3206 Audacter
1307 3182 1334 3191 -

197 3228 297 3282 Summis
322 3261 352 3268 -
379 3231 511 3283 Dedimus
536 3262 566 3268 —
591 3231 651 3284 Nos
677 3260 708 3267 --
736 3232 850 3284 Causeas
876 3263 908 3271 -
928 3232 975 3285 Ire
994 3262 1026 3269 —
1048 3230 1169 3284 Placido
1188 3262 1221 3270 -
1244 3232 1335 3301 Peope

196 3309 280 3363 rubas
299 3339 330 3348 -
351 3310 426 3362 Netu
444 3312 553 3376 opimae
579 3341 608 3348 —
630 3310 726 3363 blein
750 3340 782 3349 -
807 3311 906 3365 Gradu
925 3342 959 3350 —
978 3312 1011 3363 Si
1030 3311 1213 3378 (Podaqrosii
1232 3342 1266 3352 -
1285 3312 1337 3382 Quo

196 3394 326 3442 curratur
354 3420 387 3428 -
420 3389 506 3458 Vsque
529 3422 574 3432 -
587 3389 639 3442 Sed
658 3396 747 3443 tamen
769 3420 805 3428 —
828 3396 887 3445 550.
911 3389 1010 3443 Omnia
1040 3420 1072 3428 -
1098 3389 1185 3444 Nune
1203 3408 1289 3446 causa
1308 3423 1336 3431 —

196 3468 300 3522 Docere
319 3500 352 3508 —
372 3469 478 3522 Scimus
496 3501 530 3508 —
556 3470 617 3522 Vua
635 3500 670 3509 —
689 3470 782 3537 Iaiiur
801 3500 834 3509 -
854 3469 935 3523 ltane
954 3501 987 3508 —
1009 3469 1147 3538 Quomodo
1167 3500 1200 3509 -
1220 3471 1337 3538 Deferret

197 3578 228 3588 -
252 3548 429 3617 Persaeirmm
456 3582 487 3588 -
512 3550 627 3602 Seruum
652 3581 683 3587 -
709 3548 847 3602 Seruastis
870 3580 903 3588 -
932 3551 969 3604 Id
988 3550 1142 3618 duplicabit
1161 3578 1194 3588 -
1215 3550 1276 3605 Nos
1292 3568 1339 3605 esse

199 3628 297 3679 -Ita
325 3660 357 3666 -
388 3630 532 3698 Aee-redum
562 3661 592 3667 —
627 3629 663 3682 Te
682 3630 834 3682 aduocatus
859 3659 890 3667 -
918 3631 1023 3697 (sptium
1047 3659 1080 3668 -
1105 3627 1227 3685 Femina
1251 3661 1284 3671 -
1306 3636 1338 3685 At

195 3707 286 3759 ocielos
303 3738 339 3746 —
361 3708 439 3776 Quod
457 3710 519 3762 dici
538 3740 571 3747 —
591 3708 698 3762 Iniuste
717 3740 749 3746 —
771 3706 906 3762 Galleraus
925 3739 957 3748 -
979 3709 1086 3764 Tenetis

267 3797 324 3848 iam
343 3802 415 3850 tenes
434 3828 466 3835 —
486 3802 545 3850 582.
564 3797 672 3850 Probus
692 3827 723 3834 -
747 3796 797 3851 Tot
814 3798 922 3865 quidem
943 3830 972 3837 —
994 3803 1055 3852 586.
1072 3797 1164 3851 Hodie
1178 3828 1213 3839 —
1229 3800 1264 3854 Si
1276 3802 1341 3855 mibii

195 3907 228 3914 —
255 3876 308 3929 Vos
331 3906 363 3913 —
388 3876 428 3930 Et
447 3879 510 3930 beue
534 3909 567 3915 —
592 3882 651 3930 596.
679 3876 711 3930 Vt
729 3879 848 3931 sciamus
871 3908 904 3916 -
928 3882 1038 3931 Aurum
1056 3883 1094 3931 est
1113 3907 1148 3917 -·
1170 3879 1294 3949 Pineum
1311 3912 1338 3920 -

195 3957 271 4023 elain
289 3957 353 4009 derat
377 3987 410 3994 —
435 3957 488 4010 Sed
506 3959 548 4010 ita
566 3987 599 3996 -
620 3957 727 4010 Scilicet
750 3987 783 3996 -
809 3959 941 4011 Oraueris
967 3989 995 3997 -
1023 3957 1221 4025 Voluptariam
1245 3992 1278 4000 —
1297 3961 1340 4014 liu

194 4035 286 4100 edepol
306 4065 338 4073 -
361 4036 449 4089 Porro
469 4067 500 4074 -
523 4038 633 4091 Mecum
651 4067 685 4076 —
706 4039 851 4091 obiciatur
869 4068 904 4076 -
923 4037 1082 4091 Habeamus
1101 4068 1134 4077 -
1156 4039 1294 4096 Mortales
1312 4072 1337 4081 -

194 4115 227 4163 St
246 4119 304 4166 tace
323 4146 354 4153 —
376 4116 513 4169 Modo-
535 4117 672 4170 Perduiat
691 4148 724 4155 —
743 4117 869 4172 Faciunt
887 4148 921 4157 -
940 4116 1008 4171 Illic
1027 4149 1060 4158 -
1081 4119 1182 4173 Malus
1200 4128 1242 4175 est

266 4219 310 4254 am
330 4205 401 4256 istuc
419 4235 452 4242 —
474 4204 629 4258 Corrrrrrodas
648 4237 681 4245 -
703 4207 888 4259 Mulieres-
908 4207 975 4261 Huc
992 4238 1026 4246 —
1045 4207 1086 4259 Et
1108 4207 1156 4262 ille
1174 4239 1210 4248 -
1230 4211 1340 4265 Aetolici
1360 4262 1366 4266 ,

194 4306 224 4317 —-
252 4280 343 4333 Irruiti
368 4314 399 4320 -
426 4283 579 4338 Fortunati
604 4317 633 4324 —
659 4288 814 4340 Sitaturam
837 4319 871 4326 —
901 4287 936 4340 Vt
959 4318 992 4327 -
1016 4287 1157 4342 Deueuiat
1175 4319 1211 4329 -
1231 4289 1292 4360 Eae
1308 4319 1336 4329 -

203 4358 254 4410 Vos
273 4368 371 4413 certam
392 4372 429 4416 est
448 4395 482 4403 —
503 4365 534 4417 st
551 4368 620 4419 raeda
638 4399 673 4406 -
693 4367 724 4420 Si
734 4368 889 4435 periculum
910 4398 938 4407 -
962 4367 1036 4421 Scies
1057 4398 1090 4406 —
1110 4367 1188 4421 Male
1202 4369 1293 4434 faciae
1306 4397 1334 4407 -

192 4439 299 4489 Aliiml
321 4470 352 4477 —
376 4441 545 4510 Qeearreauam
575 4477 607 4484 -
637 4447 737 4515 Siquid
760 4478 793 4487 -
818 4447 878 4501 Nee
894 4448 1009 4514 feriatus
1032 4476 1065 4485 —
1090 4447 1179 4502 Credo
1203 4478 1237 4488 -
1260 4448 1336 4502 Hm
