2910 5528
607 786 812 843 PRAEFATIO
1218 791 1284 848 XIII

162 951 257 1017 teretis
273 951 456 1018 rationibus
470 953 612 1036 positum
627 975 707 1018 esse.
735 952 872 1019 Possum
886 953 1031 1037 profecto
1041 954 1075 1018 in
1092 955 1283 1039 quibusdam

162 1059 224 1142 lulli,
242 1081 375 1145 possum
389 1059 424 1123 in
438 1059 564 1125 multis:
578 1061 688 1146 qualia
702 1083 775 1126 cum
790 1061 923 1126 minime
937 1061 1081 1126 dubitem
1096 1061 1175 1145 quin
1191 1083 1283 1148 saga·

163 1166 243 1231 ciores
270 1166 444 1251 aliqnando
473 1167 523 1231 rel
547 1168 721 1233 correcturi
747 1168 812 1232 sint
838 1167 890 1233 vel
913 1168 1108 1252 perpolituri
1132 1169 1282 1253 probabi·

163 1271 232 1353 liter,
260 1275 370 1336 tamen
403 1272 487 1337 idem
520 1272 646 1338 confido
675 1272 708 1336 id
736 1294 799 1337 non
832 1273 1008 1338 timiditate
1041 1275 1150 1359 potius
1185 1297 1280 1359 quam

164 1378 275 1444 audacia
297 1378 421 1445 maiore
443 1379 593 1466 effectum
611 1379 660 1443 iri.
696 1377 783 1444 Nam
801 1383 929 1446 tantum
948 1381 1060 1466 fugere
1079 1382 1134 1465 qui
1152 1381 1283 1466 sapiunt

165 1486 203 1550 rin
221 1489 340 1570 potest,
365 1487 528 1571 saepicule
552 1488 623 1551 sine
647 1488 756 1571 aliqua
778 1486 914 1553 audacia
935 1488 1018 1552 nihil
1041 1488 1154 1572 profici
1178 1489 1212 1552 in
1234 1489 1280 1552 in·

166 1594 313 1658 staurando
337 1592 468 1677 Plauto,
497 1615 560 1677 quo
589 1596 673 1659 teste
700 1595 756 1675 qui
781 1593 870 1659 homo
899 1595 1026 1659 umidus
1048 1596 1108 1658 erit
1136 1594 1284 1659 iuretur

164 1699 257 1772 roo,
278 1701 373 1765 nauci
394 1721 457 1765 non
479 1701 554 1764 erit:
579 1699 673 1766 modo
698 1701 752 1765 ria
776 1722 812 1765 ac
836 1701 962 1766 ratione
986 1701 1127 1766 coercita
1150 1699 1283 1765 audacia

165 1805 412 1872 intemeritatem
438 1829 480 1872 ne
503 1810 623 1890 vertat,
652 1807 754 1871 solido
782 1810 890 1871 autem
918 1806 1128 1872 fundamento
1151 1806 1213 1871 hoc
1235 1806 1282 1870 ni-

166 1916 248 1996 tatur,
267 1917 304 1979 ut
326 1915 510 1980 tralaticiae
533 1915 708 1980 memoriae
732 1918 765 1978 et
787 1935 844 1998 per
868 1915 992 2000 aliquot
1015 1913 1145 1979 saecula
1167 1935 1283 1998 propa·

167 2021 239 2103 gntae
259 2020 430 2086 futtilitate
449 2023 549 2105 probe
572 2025 743 2107 perspecta
766 2026 862 2106 atque
886 2043 903 2086 e
927 2021 1089 2088 communi
1108 2025 1282 2105 conspectu

168 2125 263 2190 utiliter
284 2133 411 2193 remota
434 2149 551 2212 operae
573 2129 715 2213 pretium
737 2128 859 2193 factum
884 2149 954 2193 esse
977 2128 1077 2193 ctiam
1101 2127 1170 2192 sine
1194 2131 1282 2192 certa

169 2231 217 2294 reri
232 2233 437 2318 indagatione
457 2235 614 2300 videatur.
651 2235 864 2320 Omninoque,
883 2239 921 2300 ut
940 2235 1043 2300 dicam
1063 2234 1148 2318 quod
1167 2235 1281 2318 sentio,

170 2338 334 2406 mirabiliter
358 2342 448 2407 abuti
467 2342 594 2406 ratione
614 2343 765 2407 existimo
784 2343 848 2426 qui,
872 2342 947 2406 dum
967 2341 1096 2406 criticae
1115 2341 1194 2405 artis
1214 2362 1281 2404 mo·

170 2443 264 2511 destam
292 2447 461 2521 audaciam
489 2447 552 2512 sibi
580 2449 704 2513 scilicet
731 2453 884 2533 negatam
913 2449 1002 2514 exosi
1030 2448 1198 2532 increpant
1220 2448 1281 2514 hoe

171 2571 246 2634 genus
266 2555 452 2620 universum
475 2559 508 2618 et
530 2560 646 2620 contra
668 2555 792 2620 felicem
816 2555 939 2639 ingenii
966 2579 1060 2620 usum
1084 2577 1212 2619 omnem
1235 2554 1280 2618 la·

171 2658 249 2736 pidem
274 2665 418 2744 movent,
450 2662 530 2727 adeo
558 2663 621 2726 sibi
651 2683 715 2726 non
744 2666 897 2726 constant
928 2666 963 2726 ut
990 2662 1093 2726 multo
1125 2661 1279 2758 maiorem

171 2764 307 2831 audaciam
332 2768 556 2833 exosculantes
581 2769 671 2832 miris
695 2768 877 2851 explicandi
901 2769 1046 2832 artificiis
1071 2772 1103 2830 et
1126 2768 1281 2849 interpre-

171 2871 237 2934 tandi
249 2875 449 2959 praestrigiis
464 2875 717 2941 insolentissima
732 2897 876 2959 quaeque
892 2875 977 2938 male
996 2874 1114 2939 creduli
1130 2877 1282 2936 excusent

172 2981 319 3065 oneraque
349 2981 524 3046 defendant
552 3005 633 3066 quac
661 3004 720 3046 nec
751 2982 836 3046 dicta
865 2986 940 3046 sunt
967 3004 1110 3064 unquam
1139 3002 1197 3044 nec
1224 3002 1279 3063 po·

173 3085 271 3149 luerunt
293 3087 370 3170 dici,
398 3093 435 3151 ut
458 3111 538 3172 quae
562 3111 620 3153 nec
644 3089 747 3153 latina
771 3090 836 3153 sint
860 3111 918 3153 nec
943 3088 1094 3152 Plautina
1123 3110 1159 3150 ac
1184 3109 1280 3170 saepe

173 3207 200 3249 ne
218 3214 282 3256 sana
306 3198 340 3258 et
364 3195 505 3259 humana
529 3195 679 3279 quidem.²

236 3298 384 3384 ‘Reliquis
409 3307 515 3366 autem
541 3304 742 3385 corruptelae
766 3304 937 3386 generibus
961 3325 1032 3366 cum
1057 3303 1187 3386 gravius
1211 3324 1280 3365 esse

172 3398 215 3464 hoc
227 3408 318 3472 soleat
337 3409 423 3492 quod
443 3410 643 3494 integrorum
665 3432 812 3473 versuum
832 3409 1081 3492 interpolatione
1097 3410 1279 3472 continetur

172 3505 233 3573 haud
256 3536 326 3580 raro
357 3539 428 3580 cum
456 3517 600 3601 partium
628 3517 880 3599 transpositione
909 3518 1096 3580 coniuncta:
1127 3516 1278 3598 quoniam

172 3633 244 3682 unum
265 3621 419 3686 eiusmodi
445 3646 482 3686 ex
506 3622 611 3687 Milite
636 3623 818 3707 exemplum
843 3624 959 3687 accidit
983 3625 1019 3685 ut
1043 3644 1099 3705 per
1122 3644 1278 3704 nuperum

169 3729 415 3804 opportunitatem
444 3729 659 3792 academicam
689 3730 784 3812 paulo
809 3729 1000 3812 exquicatius
1024 3733 1212 3810 tractarem,
1241 3749 1278 3789 eo

168 3837 406 3899 commentariolo
429 3858 492 3899 non
517 3836 576 3898 abs
602 3858 635 3898 re
659 3858 728 3899 esse
752 3837 827 3899 duxi
853 3837 936 3899 hanc
959 3834 1193 3918 praefationem
1217 3840 1276 3899 ter·

167 3934 262 4005 minare
282 3943 428 4025 pauculis
447 3948 573 4007 tantum
595 3944 729 4007 mutatis
750 3943 915 4006 additisre.
954 3943 1014 4005 Est
1038 3948 1145 4005 autem
1164 3940 1277 4027 hic.'*)

233 4046 354 4113 ‘Militis
380 4049 514 4135 gloriosi
545 4073 672 4114 versum
705 4050 767 4114 185
801 4073 881 4134 quae
915 4051 1090 4133 excipiunt,
1124 4051 1277 4133 quoniam

164 4149 235 4216 aliter
255 4157 285 4220 iu
310 4157 383 4220 aliis
407 4158 497 4221 libris
522 4158 649 4240 prodita
673 4160 749 4220 sunt
773 4164 805 4220 et
829 4180 901 4221 cum
926 4158 1120 4241 gravissimu
1149 4156 1275 4239 quidem

163 4254 369 4347 discrepantia,
397 4287 507 4329 eorum
532 4266 677 4328 codicum
702 4265 890 4346 memoriae,
918 4287 934 4327 e
963 4266 1077 4346 quibus
1105 4285 1161 4344 per
1186 4266 1276 4345 quat-

162 4366 218 4429 tuor
241 4372 368 4435 saecula
396 4372 534 4435 editores
563 4370 706 4434 Plautini
735 4372 969 4454 pependerunt,
1000 4369 1208 4432 Arribrosiuni
1232 4387 1276 4429 te-

229 4599 251 4662 *l
270 4602 347 4657 Hanc
373 4603 591 4671 disputationem
620 4600 710 4670 repeti
734 4600 793 4668 ipse
820 4595 1033 4651 Ritschclius
1061 4595 1162 4663 voluit,
1187 4599 1217 4649 ut
1243 4615 1276 4652 ex

158 4676 363 4737 adnotationibus
392 4683 594 4749 marginalibus
620 4685 738 4736 constat.
791 4681 956 4746 'triamquam
982 4676 1068 4745 igitur
1095 4678 1128 4731 de
1157 4676 1275 4746 singulis

157 4755 232 4812 differt
250 4781 338 4817 meum
359 4763 508 4828 iudicium,
531 4763 675 4818 [titschelii
694 4759 833 4815 voluntati
853 4759 1051 4827 obtemperavi,
1072 4777 1133 4812 cum
1152 4777 1274 4828 prraeser-

157 4838 195 4892 lim
213 4845 255 4909 qui
280 4845 353 4897 hunc
379 4844 472 4897 locum
492 4844 688 4896 difficillimum
708 4843 900 4895 tractaverunt
918 4839 1043 4908 plerique
1065 4857 1160 4893 omnes
1181 4857 1197 4892 a
1216 4840 1275 4892 Rit-

156 4920 235 4978 schelii
253 4924 343 4979 verbis
364 4923 482 4993 profecti
501 4922 565 4977 sint.
