2910 5528
151 317 241 372 XXIV
620 316 826 372 PRAEFATIO

152 483 278 544 restant
306 479 389 560 Quid
410 479 498 543 iane?
539 479 657 559 tucia
675 501 745 545 erus
757 480 916 562 paenitet.
952 480 1055 547 talin
1072 485 1106 544 tu
1118 482 1289 564 percerte?

152 608 280 649 versum
313 607 378 649 non
407 586 552 669 explent:
585 586 640 649 sed
667 586 721 650 hic
749 586 774 649 si
805 585 953 649 lacunam
984 585 1018 649 in
1048 586 1112 649 fine
1139 588 1290 651 statueris

152 713 328 777 congruam
356 692 449 756 initio
480 714 508 755 v.
528 693 597 756 48a
625 696 785 774 truncato,
821 692 916 756 simul
943 690 1093 776 habebis,
1125 692 1182 777 qui
1209 692 1292 758 Siout

154 821 179 861 v.
200 799 243 862 30
266 803 376 862 teneas
401 801 538 881 apteque
563 799 712 883 explices,
735 798 821 882 quod
840 797 944 863 adhuc
963 798 1148 863 molestiam
1169 801 1291 883 peperit

152 906 221 967 sani
246 904 351 968 iudicii
376 903 615 988 interpretibus.

240 1008 325 1074 Huic
349 1011 495 1095 exemplo
519 1010 724 1095 gravissimO,
751 1007 876 1095 dequo
900 1010 1139 1076 dubitationem
1163 1032 1287 1075 omnem

153 1122 333 1199 exemptam
357 1139 427 1181 esse
451 1116 679 1199 contenderim,
704 1117 843 1181 alterum
867 1116 1006 1181 fortasse
1029 1111 1165 1202 adiungi
1183 1121 1288 1201 potest

154 1246 191 1288 ex
223 1223 377 1307 proximis
407 1224 553 1306 quamvis
586 1223 691 1287 minus
726 1243 833 1307 grave.
874 1222 958 1287 Nam
993 1223 1205 1288 memorabile
1236 1227 1289 1304 est

152 1352 226 1394 cum
254 1330 388 1393 ducibus
410 1328 521 1394 Brixio
546 1327 743 1413 Goetzioque
775 1353 802 1394 v.
822 1330 864 1394 68
893 1352 931 1394 ex
959 1329 1085 1395 duobus
1114 1330 1200 1394 male
1224 1351 1291 1395 con·

154 1439 292 1501 tractum
318 1458 387 1500 esse
411 1435 477 1499 lere
500 1439 588 1500 certa
606 1437 732 1501 ratione
752 1435 976 1519 intellexerim,
999 1435 1196 1520 Seyffertum
1219 1436 1291 1501 item

152 1544 247 1608 iustis
275 1542 533 1607 dubitationibus
562 1547 684 1607 motum
721 1542 860 1607 similem
892 1543 1078 1626 opinionem
1112 1544 1291 1628 concepisse

153 1649 192 1713 de
215 1673 243 1714 v.
263 1650 315 1714 87.
351 1649 420 1713 lam
444 1672 515 1714 cum
539 1655 614 1733 post
637 1672 665 1713 v.
686 1650 729 1714 80
752 1671 869 1714 scaena
886 1649 1074 1731 intercedat,
1098 1671 1198 1734 quam
1218 1650 1291 1714 bene

154 1755 293 1839 spatium
315 1757 399 1820 inter
417 1757 476 1819 has
496 1755 632 1821 duorum
651 1755 930 1820 hemistichiorum
945 1756 1079 1820 lacunas
1094 1755 1290 1820 intercedens

153 1863 286 1926 solitum
320 1863 457 1946 paginae
494 1862 651 1927 ambitum
681 1860 745 1946 (vel
774 1861 835 1926 XX
863 1863 913 1926 vel
939 1861 1019 1926 XXI
1048 1860 1213 1948 versibus)
1245 1885 1289 1925 ex·

152 1969 253 2051 pleat,
285 1968 319 2031 in
354 1969 464 2033 oculos
494 1968 644 2050 incurrit,
676 1973 713 2033 ut
739 1968 834 2033 facile
862 1968 981 2052 duplex
1008 1968 1165 2034 damnum
1198 1990 1289 2033 unuin

154 2075 262 2158 potius
287 2095 357 2138 esse
382 2076 589 2158 suspicemur.

239 2180 343 2245 Multo
372 2202 450 2245 sane
478 2180 674 2245 luculentius
703 2180 865 2264 priorique
889 2180 1027 2245 similius
1051 2182 1236 2265 exemplum
1260 2182 1286 2244 in

151 2309 268 2350 scaena
287 2286 319 2350 Il
339 2288 359 2350 2
382 2286 473 2350 redit
509 2284 572 2349 Vbi
597 2307 667 2350 cum
692 2308 720 2349 v.
736 2286 800 2350 203
821 2285 928 2369 inepte
948 2289 1041 2349 exeat
1058 2285 1092 2350 in
1112 2289 1201 2370 apud
1216 2287 1287 2351 tran

155 2394 247 2457 oluccc‘
270 2393 386 2457 mirum
412 2401 461 2455 est
484 2399 605 2476 quanta
633 2391 810 2474 pertinacia
833 2414 890 2475 per
915 2391 1026 2456 Vallae
1050 2391 1167 2477 Piique
1192 2397 1284 2458 muta·

152 2501 273 2564 tionem
306 2501 391 2583 optut
416 2499 496 2562 lianc
523 2498 633 2562 obicem
662 2503 882 2562 conservatam
914 2497 1136 2581 importunam
1169 2500 1282 2564 obicem

151 2607 214 2670 sibi
238 2606 414 2670 obiecerint
437 2604 595 2688 plerique:
619 2626 700 2688 quae
724 2605 805 2668 lenis
826 2608 877 2668 est
895 2604 1089 2688 coniectura,
1114 2605 1170 2670 sed
1189 2627 1280 2689 neque

151 2735 279 2776 versum
308 2712 453 2775 restituit
480 2733 583 2795 neque
612 2711 653 2774 ab
682 2715 751 2773 arte
780 2710 993 2794 grammatica
1022 2712 1104 2775 satis
1133 2733 1279 2776 commcn-

145 2818 253 2908 ⁸datur.
300 2816 384 2892 Quin
413 2817 510 2881 etiem
534 2816 720 2901 Langenus,
749 2816 805 2900 qui
827 2818 1107 2882 commorandumst
1129 2841 1189 2901 pro
1212 2838 1277 2882 com-

151 2925 333 2988 morandust
360 2924 480 2987 tradito
510 2924 588 2987 item
617 2923 779 3007 plerisque
801 2922 973 3006 probatum
997 2945 1055 2987 suo
1080 2924 1149 2988 iure
1173 2925 1277 2998 reiecit,

150 3030 260 3093 obicem
292 3031 434 3093 retinens
462 3030 498 3092 in
526 3029 630 3092 medio
659 3050 753 3092 versu
778 3030 896 3111 pradus
923 3029 1000 3092 milti
1029 3030 1200 3114 supplevit
1242 3029 1275 3092 lt

147 3137 265 3216 proclus
298 3157 408 3199 vocem
448 3158 544 3220 quarn
577 3135 769 3218 requirimus
804 3135 863 3199 sub
900 3135 998 3198 finem
1035 3137 1143 3218 potins
1182 3155 1273 3200 versus

151 3242 262 3305 eodem
296 3242 489 3306 detrimento
524 3242 700 3305 abscissam
734 3263 818 3322 esse,
851 3241 935 3323 quod
968 3241 1061 3305 obieci
1087 3242 1166 3307 illud
1194 3261 1271 3329 sensu

150 3369 276 3411 cassum
299 3345 473 3432 peperit*),
498 3353 529 3411 et
552 3370 609 3431 per
632 3369 665 3412 sc
691 3347 890 3430 probabilius
914 3351 963 3411 est
986 3351 1020 3411 et
1042 3348 1117 3411 inde
1137 3348 1203 3412 fere
1220 3367 1270 3410 cer·

149 3460 233 3536 turn,
267 3454 352 3538 quod
383 3454 494 3518 statim
525 3477 554 3518 v.
578 3454 643 3519 205
679 3456 789 3537 aperte
822 3453 975 3517 creticum
1008 3455 1138 3519 finalem
1168 3453 1268 3518 amisit

149 3560 237 3624 inter
261 3583 342 3644 quos
366 3561 420 3645 qui
439 3561 566 3644 integer
585 3559 705 3643 legitur
723 3582 751 3622 v.
771 3560 845 3640 204,
868 3560 940 3623 ideo
961 3560 1055 3623 facile
1075 3582 1095 3623 a
1114 3560 1186 3624 labe
1203 3579 1268 3624 con·

149 3666 238 3730 muni
266 3667 420 3730 immunis
449 3688 614 3730 remanere
644 3667 764 3748 potnit,
792 3665 877 3750 quod
905 3665 1017 3730 vicinis
1041 3667 1139 3751 paulo
1162 3665 1269 3730 brevior

148 3776 209 3855 cst,
237 3773 301 3836 nisi
329 3774 412 3836 forte
439 3777 474 3836 ut
500 3773 586 3836 ucles
615 3772 787 3835 formulam
816 3793 854 3834 cx
884 3772 1030 3857 vestigiis
1054 3777 1141 3838 recte
1164 3766 1265 3836 librarii

237 4025 261 4089 ⁸³)
282 4024 343 4079 Non
368 4025 592 4094 praetermittam
612 4025 777 4094 Seyffertum
802 4026 875 4078 mule
900 4024 1002 4079 habere
1022 4027 1051 4079 et
1069 4029 1146 4096 αριιά
1163 4018 1261 4080 bened
1320 4018 1322 4023 '

148 4107 367 4159 conimoroodust
385 4106 488 4172 predas
502 4104 627 4157 additum
643 4108 672 4158 et
684 4106 716 4159 ob
731 4105 851 4159 iocatum
864 4106 939 4172 (cum
953 4103 1039 4158 aliem
1055 4104 1259 4175 significationem

150 4183 252 4236 babeat
274 4186 306 4237 ob
329 4186 496 4238 indunrium
519 4182 581 4239 Cas.
603 4187 674 4253 805).
711 4185 807 4251 Neque
832 4184 989 4252 exemplum
1013 4185 1164 4254 gemellum
1185 4183 1259 4238 eulal-

149 4262 202 4313 Sed
227 4263 328 4316 iustam
354 4264 533 4318 offensionem
558 4264 604 4317 vix
628 4264 744 4333 praebet
767 4262 872 4317 locutio
892 4262 1056 4332 singularis:
1081 4258 1258 4335 querneique

149 4343 274 4405 senserit,
294 4343 408 4395 debebit
428 4346 460 4395 de
477 4343 640 4397 violentiore
656 4361 744 4411 neque
760 4343 918 4397 venustiore
932 4344 1055 4398 remedio
1071 4348 1191 4415 cogitare
1203 4337 1257 4395 vetut

148 4424 364 4475 comruoinudust
382 4424 498 4490 proetus:
518 4426 582 4478 baec
601 4425 697 4478 obiecit
715 4439 817 4478 moram
835 4423 880 4476 vel
900 4424 972 4478 lianc
988 4425 1086 4479 obiecit
1104 4428 1188 4480 Iones.
