2910 5528
152 319 213 381 152
627 314 812 370 APPHNDlX
1140 322 1250 371 5³4-qu

238 483 298 532 534.
318 470 426 544 Ecquid
451 474 570 546 uicinis?
594 475 646 528 Du.
671 472 771 528 Hercle
795 474 831 531 Hi.
853 507 883 515 -
907 493 960 544 ego
984 475 1037 530 hoc
1056 492 1109 546 pro
1130 491 1180 545 ego
1197 474 1253 544 (iem)

147 559 181 611 L.
207 557 358 611 Muellerus
386 557 507 626 ‘propter
532 558 665 610 rariorum
692 556 851 610 musicam’!
879 585 911 595 —
941 555 1013 610 Mox
1039 554 1108 610 milri
1131 553 1255 626 improuiso

146 637 327 705 Iiseudiilrius
340 655 370 706 p.
390 642 433 691 37.

237 722 297 770 636.
317 717 374 784 sed,
394 719 496 783 metuo,
516 715 586 769 mihi
605 716 667 770 aiot.
687 715 830 770 Abraham
846 715 932 769 ‘Bcrl
944 716 1013 784 phil
1033 714 1155 771 Weelr!
1170 733 1193 770 a.
1202 720 1257 770 1886

145 816 175 866 p.
196 800 269 852 1120
287 797 361 862 adu„
379 799 507 866 urpuliue
524 813 607 865 quam
624 795 728 849 uerius:
747 797 782 861 cs.
801 812 823 850 u.
842 799 896 850 534
915 795 997 864 (adde
1014 795 1099 851 Pacu.
1113 800 1175 863 866,
1189 795 1260 861 allel

149 878 210 932 uide
228 878 265 931 ael
283 893 307 931 u.
327 881 389 932 746.

240 962 291 1011 oet
302 972 355 1026 sqq.
371 955 441 1010 nihil
456 955 528 1010 isluc
542 972 603 1010 cum
616 955 717 1010 Botlio
731 955 794 1009 trai.
811 954 854 1009 Ἧι
869 955 905 1020 cs.
920 953 1071 1024 Seyffertus
1084 955 1180 1010 Pauor
1193 952 1265 1007 XXV

148 1054 177 1105 p.
193 1041 256 1090 460.
271 1066 306 1076 -
325 1035 367 1088 lui
391 1034 437 1104 egi
454 1034 525 1088 lucri
544 1032 650 1102 gratia,
669 1032 707 1085 Vt
724 1051 746 1088 c.
761 1051 784 1103 q.
799 1051 821 1089 s.
839 1035 936 1090 inseite
951 1033 1134 1102 Ijeerrdiyliue
1147 1052 1176 1104 p.
1188 1038 1218 1089 37
1225 1050 1265 1102 sq..-

150 1117 198 1170 ubi
223 1116 392 1169 intercidisse
413 1115 575 1169 uersiculum
595 1113 624 1166 'u
638 1115 770 1183 putabat,
789 1129 841 1183 quo
859 1114 1008 1182 referretur
1025 1115 1058 1168 iu
1073 1115 1196 1184 praeiere
1210 1114 1265 1166 lece·

150 1213 222 1263 rem,
240 1195 312 1249 uelut
330 1194 424 1248 talea:

257 1274 330 1329 Nem
354 1275 455 1328 iccirco
479 1272 607 1341 equidem
631 1274 659 1327 te
683 1273 753 1327 seire
778 1274 849 1328 hone
872 1288 931 1327 rem
950 1271 1029 1328 uolui
1047 1272 1083 1329 ‹le
1102 1273 1157 1329 ieie
1172 1273 1269 1344 uirgine,

256 1353 295 1408 vt
313 1371 333 1407 e.
349 1370 372 1421 q.
387 1368 407 1407 e.

154 1434 258 1489 Contra
277 1432 379 1486 faciem
398 1432 543 1501 reponebat
561 1432 686 1487 Botlius.
720 1433 763 1500 Of.
781 1434 901 1490 Briuius
919 1438 957 1490 ael
977 1435 1003 1489 Τ
1000 1435 1056 1489 riu.
1071 1439 1114 1501 14,
1129 1435 1179 1489 al:
1194 1450 1271 1503 quoru·

151 1529 232 1582 quam
254 1506 424 1581 nequaquam
444 1529 559 1580 prorsus
582 1512 685 1567 similia
707 1519 772 1568 suat
794 1516 923 1584 exempla.
962 1514 1105 1584 Quande
1122 1514 1236 1569 hucuca
1250 1530 1273 1566 a

150 1593 261 1661 prcuior
289 1597 327 1647 cet
354 1592 504 1657 dubitatio,
533 1594 599 1661 quie
622 1598 646 1648 ct
667 1599 751 1649 metro
774 1595 864 1661 deficit
886 1601 911 1650 ct
934 1596 965 1648 iu
986 1596 1047 1663 ipso
1069 1594 1150 1649 uerbo
1171 1593 1273 1648 roallat.

151 1673 279 1726 Eaaduu
301 1673 334 1726 ab
357 1687 468 1726 eausam
490 1689 575 1741 acque
598 1674 631 1726 de
653 1674 756 1729 lacuua
778 1675 954 1744 copituudum
972 1690 1055 1742 acque
1072 1674 1105 1727 dc
1123 1672 1219 1726 faciem
1232 1689 1274 1741 pro

152 1751 271 1805 facerem
296 1751 448 1819 reponendo
470 1752 511 1805 oct
534 1749 587 1805 ieci
606 1769 661 1821 pro
686 1752 758 1807 socio
778 1753 892 1821 peleto:
916 1755 950 1821 cf.
975 1753 1134 1820 Woelffliui
1150 1752 1228 1807 Arcl.
1244 1751 1275 1803 Il

147 1849 177 1901 p.
189 1837 247 1887 213
258 1831 344 1899 adu.),
357 1831 403 1884 scd
417 1830 470 1884 talc
484 1832 552 1899 quid
565 1833 831 1886 comminiscendum:
846 1831 910 1886 Mea
924 1831 1037 1900 quidem
1051 1831 1125 1885 istuc
1140 1831 1179 1884 nss
1190 1846 1216 1884 re
1225 1829 1274 1895 lert,

151 1917 201 1966 tue
215 1927 267 1978 ego
283 1911 335 1964 hcc
350 1909 491 1964 terebreui
504 1911 605 1980 gralia,
621 1910 659 1964 Vt
672 1927 693 1965 e.
707 1929 731 1980 q.
747 1927 769 1965 s.
781 1942 811 1950 -
831 1910 861 1964 V.
873 1917 925 1965 540
940 1910 1009 1965 alios
1025 1909 1060 1964 de
1074 1910 1275 1979 reuma.

241 1996 300 2044 643.
329 2007 424 2044 eccum
452 1990 512 2058 ipse
540 1992 654 2060 optume
681 2008 743 2046 eum
770 1991 882 2061 Euporo
900 2008 931 2060 p.
955 1990 1000 2043 VI
1011 2006 1050 2059 sq.
1074 1987 1104 2040 ‘R
1127 1989 1277 2058 improbosue

153 2071 267 2125 Oruiuio
295 2069 373 2123 Stoa.
405 2070 449 2123 Pl.
477 2087 503 2138 p.
524 2076 568 2136 16,
597 2070 740 2141 Spcupctia
770 2071 800 2124 Τ.
825 2072 864 2124 Μ.
885 2070 917 2124 Ρ.
931 2088 962 2140 p.
983 2075 1049 2135 111,
1078 2068 1196 2125 Christis
1216 2067 1277 2122 Μιιι.

152 2150 238 2204 Rdcu.
260 2149 381 2202 XXIII
392 2167 421 2217 p.
443 2153 504 2203 572.
543 2148 585 2216 Of.
604 2149 756 2205 Muellerus
770 2168 799 2219 p.
820 2155 873 2205 369
886 2166 925 2219 sq.
942 2180 974 2189 -
994 2147 1112 2203 aduenit
1135 2150 1163 2203 el
1179 2146 1278 2203 adducit

154 2248 216 2283 eum
236 2231 337 2298 hospes
356 2229 482 2299 Pytudu.

242 2313 302 2362 546.
326 2307 449 2362 Haecine
478 2309 556 2377 uirgo
581 2308 660 2364 illest
682 2311 788 2365 furtiue
813 2308 943 2381 Gecpetus.
982 2310 1060 2364 llaec
1087 2309 1165 2364 illesi
1190 2307 1279 2362 furtiue

155 2389 233 2458 uirgo
253 2389 389 2459 Bcrqlriae
411 2387 506 2458 Opruc.
523 2388 544 2440 1
559 2406 586 2456 p.
603 2394 664 2446 124.
688 2389 811 2445 Haecine
830 2387 936 2444 furtiue
953 2387 1033 2443 illest
1050 2388 1132 2459 uirgo
1147 2388 1279 2443 Muellerus

152 2487 181 2538 p.
202 2471 257 2522 336
269 2483 306 2536 sq.
324 2498 355 2505 -
376 2466 418 2533 Os.
438 2467 588 2536 Lauqeuus
608 2468 718 2524 ‘Beita’
735 2486 765 2538 p.
784 2472 829 2523 21.

244 2553 303 2601 646.
323 2547 388 2614 quio
407 2547 502 2616 aspexi
522 2548 650 2615 equidem
671 2548 853 2603 Camerarius.
887 2548 953 2616 quin
971 2547 1075 2616 aspexi.
1096 2548 1165 2602 hoec
1183 2545 1278 2616 quidem

155 2632 283 2700 Gupctus.
318 2624 384 2694 quiu
403 2625 506 2694 aspexi.
527 2628 557 2680 ei
575 2628 688 2694 quidem
708 2629 832 2683 Bottrius.
866 2629 932 2697 quie
950 2627 1064 2696 aspicio.
1088 2629 1119 2681 et
1136 2622 1280 2697 quidemll

156 2715 201 2777 (cu
229 2709 341 2776 quidem
370 2707 443 2760 Ptol.
476 2707 551 2761 Tria.
580 2725 606 2775 p.
631 2709 835 2776 LXXVIII).
872 2707 938 2775 quie
965 2705 1058 2776 specie
1086 2708 1157 2762 haec
1183 2704 1280 2774 quiden

157 2789 292 2855 Brrptrius
321 2789 445 2855 iteurque,
472 2788 519 2840 secl
546 2787 675 2854 equidem
699 2789 863 2843 Ribbeckius
885 2789 918 2842 dc
938 2789 1037 2855 partic.
1058 2804 1088 2855 p.
1109 2790 1153 2840 40.
1191 2785 1281 2854 quiae

156 2867 247 2936 specie
263 2867 375 2935 quidem
391 2883 483 2920 censor
497 2866 638 2921 Ribbeclii
654 2868 730 2936 ‘pluit
746 2869 827 2923 Aia’
841 2869 861 2920 1
862 2869 880 2921 I
889 2884 918 2935 p.
930 2870 985 2922 393
999 2868 1017 2921 i.
1029 2883 1050 2920 e.
1064 2867 1222 2937 Seyffertus,
1237 2867 1280 2918 iou

156 2953 220 3001 urite
240 2963 286 3015 sp
305 2949 369 3012 (eo,
387 2948 437 3013 st-)
455 2946 585 3001 Plautum
607 2947 672 3015 quiiu
690 2950 844 3017 similiaque
862 2949 974 3001 evitasse
991 2947 1138 3001 observans
1155 2952 1180 3001 et
1199 2944 1281 2999 ‘uerti-

156 3044 237 3094 quam
256 3028 289 3080 ab
309 3027 442 3093 iuqeaiost
460 3026 551 3080 seucu'
569 3027 643 3096 (Mil.
655 3033 719 3094 631)
739 3043 908 3095 comparans.
934 3027 1025 3080 Errat
1038 3025 1223 3080 Kullirulrius
1235 3024 1281 3079 uit.

156 3107 249 3160 Plaut.
269 3106 309 3162 erl.
330 3105 419 3158 Berol.
439 3124 463 3157 a
485 3111 566 3161 1884.
605 3108 647 3173 Cf.
667 3108 817 3176 Lauqeuus
836 3106 947 3161 ‘Bau’
963 3123 994 3175 p.
1015 3111 1058 3161 58.

246 3191 306 3238 547.
331 3184 467 3238 concinne
494 3188 536 3240 eei
564 3185 650 3239 facies
673 3190 742 3241 caui.
770 3187 952 3241 Camerarius.
990 3183 1129 3240 concinne
1156 3185 1228 3239 fecie
1251 3188 1283 3237 cri

158 3266 287 3335 Gupctus.
308 3264 443 3318 concinne
462 3265 561 3319 faciest
579 3267 640 3334 (aut
660 3265 708 3320 vu
726 3267 767 3320 uel
785 3265 873 3331 Quum
893 3265 933 3319 cel
952 3264 1024 3319 Vide
1046 3268 1079 3320 ut
1097 3267 1137 3320 uel
1156 3266 1215 3321 Hoc
1231 3262 1283 3316 eido

157 3349 188 3398 ul
205 3347 246 3398 uei
260 3346 298 3397 Ar
315 3347 356 3410 ul)
371 3345 521 3398 Muellerus
536 3362 565 3412 p.
581 3350 688 3400 661-
703 3346 750 3400 Au
769 3344 990 3413 conlemplemus
1009 3361 1073 3400 maa
1091 3363 1153 3400 curu
1168 3345 1282 3413 Laupcru

156 3425 303 3494 repositum
322 3425 355 3490 es.
375 3442 398 3478 u.
419 3425 549 3490 661631
568 3426 742 3495 contemplor
759 3424 795 3480 A.
823 3422 981 3493 contemplo
999 3425 1108 3493 reliqui.

246 3509 305 3557 660.
325 3520 416 3557 mores
442 3503 586 3556 hominum
607 3504 743 3575 (lupulus,
767 3505 804 3558 u.
841 3505 990 3557 homonum
1016 3520 1106 3557 mores
1131 3521 1207 3558 neruo
1226 3500 1284 3571 quud

155 3585 247 3638 scium.
266 3585 296 3637 at
309 3582 454 3637 hominum
469 3599 559 3636 mores
574 3584 729 3653 Seyffertus.
764 3584 832 3638 Vide
845 3584 936 3652 praes.
949 3613 980 3622 -
996 3581 1151 3652 introspexi
1167 3582 1285 3652 Bcrplius

158 3668 255 3728 tlprresc.
277 3663 338 3730 lp.
360 3666 419 3716 124.

246 3744 306 3794 551.
327 3740 469 3809 Numquid
495 3740 523 3793 iu
542 3741 682 3809 principio
702 3746 794 3795 cessat
811 3741 936 3796 Botllius.
970 3741 1094 3809 Numqui
1113 3741 1143 3795 in
1162 3739 1284 3810 principio

157 3819 278 3872 cessauit
297 3820 457 3888 Spcupclius
478 3820 508 3872 T.
529 3821 569 3874 M.
589 3821 621 3874 P.
638 3838 669 3887 p.
689 3825 733 3876 98.
771 3820 915 3888 Numquid
938 3820 1075 3889 principio
1099 3820 1222 3874 cessauit
1237 3834 1285 3873 cum

159 3900 263 3967 Gupeto
279 3898 308 3950 'R
327 3901 430 3953 adricus
447 3900 551 3954 ‘errout
565 3901 700 3954 Beclerus
717 3899 768 3969 Qui
780 3918 808 3968 p.
825 3905 869 3968 12,
888 3900 1102 3970 Kampmauuus
1115 3902 1150 3956 de
1163 3913 1196 3952 rr
1204 3916 1284 3970 praep.

154 3995 183 4043 p.
199 3978 257 4030 20’.
287 3978 328 4042 Cf.
349 3996 409 4031 cum
435 3979 586 4047 lt'upuerus
605 3981 642 4033 acl
660 3980 768 4034 Aulul¹
785 3997 813 4048 p.
834 3984 889 4034 337
907 3980 1111 4049 Metellemsquc
1124 3998 1156 4049 p.
1171 3986 1224 4035 346
1240 3985 1284 4032 tarr

157 4057 298 4109 Abraham
322 4059 400 4110 u'tud.
425 4059 469 4113 Pl.
490 4077 519 4127 p.
543 4063 615 4114 224:
644 4064 741 4114 contra
768 4078 845 4129 quern
873 4061 1021 4130 Seyffertus
1048 4069 1137 4114 mouet
1166 4057 1285 4130 principio

156 4134 313 4199 siquifieare
334 4135 465 4202 ‘ersteus’,
485 4141 565 4192 aliter
583 4137 611 4191 in
630 4137 769 4207 principio
789 4141 914 4195 urlhibcri
932 4146 956 4194 et
970 4141 1019 4194 laec
1033 4141 1092 4194 loeo
1105 4146 1130 4194 et
1145 4141 1227 4211 Epiu.
1241 4140 1284 4192 331

156 4217 179 4262 et
196 4213 276 4269 Poeu.
295 4219 381 4268 1106.-
399 4233 484 4283 uequc
498 4217 571 4272 Num
587 4218 655 4286 quid
670 4219 702 4271 ln
716 4221 830 4287 offerruit
845 4221 894 4287 (sic
908 4218 1123 4289 Kampmauuus
1141 4221 1284 4274 Muellerus·

160 4291 228 4353 que).
249 4323 278 4329 --
302 4293 412 4347 eloctum
429 4289 483 4362 pro
503 4298 585 4352 docte
604 4299 703 4353 Dousa
716 4301 754 4366 fil.

247 4375 306 4421 662.
324 4374 479 4441 perspicere
494 4376 597 4450 (ciue)
612 4379 780 4448 sapientium
790 4377 829 4445 u,
842 4380 891 4433 ubi
905 4378 987 4432 huius
1001 4378 1128 4434 Bactrius
1142 4381 1173 4433 iu
1183 4377 1282 4433 stua-
