2910 5528
220 349 283 414 174
691 348 878 405 APPENDIX
1222 352 1363 405 aee-345

218 514 292 566 tine.
320 511 353 567 D.
374 529 427 583 age
451 512 461 565 i
485 512 581 580 simul,
604 530 659 581 quo
683 529 744 583 ego.
773 527 828 578 qno
851 525 904 577 ego
924 525 998 576 eam,
1023 511 1060 564 bn
1081 510 1156 564 acie?
1175 511 1186 578 l
1203 509 1234 564 G.
1254 510 1318 566 Scia
1336 514 1364 565 In

221 595 344 647 mentem
369 596 446 647 uenit
469 594 561 646 modo.
588 609 687 662 nempe
711 593 824 645 dbmum
848 607 882 644 ec
905 589 1274 657 comisatum.un.1mmo
1295 593 1366 646 ictuc

220 671 344 742 quidem.
374 673 403 725 C.
423 672 478 725 iam
502 672 617 726 mimini
641 673 793 726 Muellerus
817 670 863 738 (cf.
878 686 908 738 p.
923 672 988 737 434)
1011 671 1139 739 itemque,
1160 671 1208 726 ced
1225 668 1237 723 i
1254 671 1267 724 i
1283 670 1365 725 simul

220 757 245 806 et
269 751 333 806 Scio
357 752 385 805 in
409 755 531 806 mintcm
554 771 650 806 u.1n.:
675 753 776 820 nimpe
799 749 913 803 domum
937 767 970 803 eo
984 750 993 818 ΙΙ
1008 747 1220 818 comissatum!
1238 750 1366 805 Klattiuc

217 849 247 919 ιι.
263 836 325 885 537.
354 831 396 896 Cf.
412 832 574 899 dpmtqelim
589 830 674 897 ‘Refi’
687 848 717 900 p.
732 834 770 884 32
781 847 820 898 eq.
840 836 885 884 66.
901 836 945 884 79.
965 834 1027 885 125.
1047 860 1081 869 -
1098 829 1111 882 i
1128 828 1221 897 simul,
1240 846 1295 899 quo
1313 845 1364 898 ego

220 927 254 965 eo
269 912 527 966 Sonneewebeinius.
542 941 576 950 -
591 911 623 965 h.
644 913 688 963 An
702 910 810 964 nescis?
825 910 957 965 Gerteiue.
982 909 1016 964 D.
1034 911 1099 965 Non
1112 910 1186 967 ecia?
1210 911 1365 983 Veeinaiue:

221 994 256 1060 cs.
276 992 425 1063 Seyffertac
444 992 528 1046 Burs.
547 992 651 1045 Annal.
671 991 793 1045 LXIII
802 999 833 1058 p.
847 996 894 1046 29.
919 990 987 1046 Vide
1000 992 1093 1060 praef.

309 1078 370 1126 636.
403 1073 482 1126 neuie
508 1089 561 1140 pro
589 1089 645 1126 non
670 1071 713 1124 uis
736 1072 869 1139 Botbiue,
889 1073 964 1127 ‘aare
985 1073 1116 1138 sartasee'
1136 1073 1230 1128 iudice
1253 1072 1292 1128 lt.
1324 1073 1365 1141 Os.

221 1153 369 1207 Handiam
390 1153 469 1205 Ture.
490 1151 542 1204 IV
556 1168 584 1219 p.
599 1155 665 1205 320.
685 1182 718 1190 -
742 1150 855 1206 obuiam
873 1168 918 1206 mc
941 1153 1019 1207 hicce
1041 1153 1083 1207 ire
1102 1150 1287 1208 Camerarius.
1319 1154 1366 1207 ab

220 1233 296 1286 uiam
323 1231 400 1285 hisce
424 1231 464 1284 ire
493 1247 538 1284 me
567 1229 747 1285 Hermannas
769 1233 895 1301 Itemque,
920 1233 967 1287 ced
992 1232 1051 1299 hic,
1074 1232 1118 1285 'Rs
1140 1234 1191 1288 abi
1213 1233 1320 1288 biatum
1336 1234 1366 1287 in

221 1328 335 1367 caesura
358 1311 518 1365 admittebat
541 1310 747 1365 Stademandae
765 1329 795 1381 p.
813 1318 861 1379 19,
886 1311 963 1366 hisce
984 1329 1044 1367 aem
1062 1312 1216 1368 Scbmedtia
1238 1314 1272 1368 de
1288 1330 1364 1382 pean

217 1409 247 1460 p.
263 1395 299 1445 30
317 1393 479 1446 vindicabat
497 1392 568 1445 iden
587 1392 691 1445 Annal,
706 1392 803 1461 philol.
824 1391 937 1446 CXIII
948 1409 980 1460 p.
995 1398 1040 1447 66.
1066 1408 1111 1446 mc
1129 1394 1246 1448 obuiam
1264 1392 1309 1447 hie
1327 1392 1365 1445 hi·

221 1476 281 1525 tcrc
300 1471 356 1527 Lea
376 1472 451 1526 Mus.
466 1471 553 1526 Rben,
570 1471 666 1525 XXX
672 1470 755 1524 VIII
770 1488 798 1540 p.
807 1476 851 1527 24.
877 1472 919 1541 Of.
933 1472 1095 1542 Spmaeliae
1107 1474 1141 1528 de
1154 1480 1218 1529 eret.
1234 1491 1264 1543 p.
1275 1476 1366 1541 38cq.,

223 1551 312 1619 ‘Rei'
329 1569 359 1620 p.
379 1557 416 1607 92
433 1570 471 1622 sq.
501 1583 534 1592 —
561 1553 609 1607 Ad
635 1570 660 1606 υ.
679 1557 730 1606 337
759 1554 793 1619 es.
823 1554 953 1608 Klateiue
977 1557 1088 1622 p.181.
1111 1558 1175 1610 241.
1202 1558 1258 1609 637
1285 1551 1366 1623 (Ilico

220 1636 367 1698 servanel).

310 1718 370 1767 338,
407 1713 504 1768 Totum
532 1731 557 1768 v.
584 1713 772 1768 Phaonem
797 1715 978 1769 commeabat
1002 1714 1187 1769 Cameean'ue.
1212 1743 1247 1754 -
1275 1712 1323 1767 diu
1336 1743 1367 1752 -

221 1795 265 1847 ist
287 1800 345 1847 'lam
360 1793 443 1846 -id
467 1793 537 1846 mihi
560 1793 739 1848 Hermanmm
768 1794 813 1862 (cf.
837 1811 864 1862 p.
878 1797 961 1863 207).·
981 1793 1026 1849 ‘de
1051 1809 1105 1863 quo
1127 1798 1199 1848 recte
1225 1793 1368 1848 dubitabat

220 1874 340 1928 Briaiem
360 1878 411 1943 Qu.
426 1890 501 1942 prce.
519 1892 547 1942 p.
563 1874 622 1927 50'.
648 1873 725 1928 diuet
742 1874 799 1927 itm
819 1878 898 1928 tuum
917 1872 946 1926 id
965 1872 1035 1928 mihi
1054 1871 1090 1928 li.
1118 1872 1166 1927 diu
1183 1876 1188 1940 Ι
1204 1873 1250 1927 cm
1266 1873 1296 1926 id
1314 1872 1367 1926 iem

222 1953 292 2006 mihi
307 1954 443 2023 Buqye'ne.
469 1952 545 2007 diuet
562 1954 592 2007 id
613 1953 693 2008 ‘itm’
715 1954 785 2007 mihi
804 1956 924 2009 Bricct'us
942 1955 1047 2009 Annat.
1059 1955 1155 2023 philol.
1172 1952 1214 2007 01
1226 1971 1257 2022 p.
1268 1957 1324 2007 763
1332 1968 1367 2021 tq.

221 2033 298 2087 diust
325 2034 398 2086 ictuc
427 2034 484 2087 iam
512 2033 582 2086 mihi
610 2033 769 2104 Spenyelins
794 2035 885 2101 ‘leet’
909 2052 938 2103 p.
953 2039 1007 2090 381
1035 2036 1081 2103 (cf.
1097 2051 1127 2102 p.
1142 2038 1180 2088 77
1202 2038 1228 2087 ct
1251 2032 1286 2087 de
1308 2039 1367 2087 cret.

217 2129 247 2181 p.
263 2119 306 2167 19.
326 2117 372 2181 42)
391 2115 449 2168 coll.
470 2114 544 2168 Pere.
565 2118 620 2168 768
638 2117 752 2182 itemque
770 2116 895 2169 Baebtmc
917 2117 950 2169 in
967 2116 1087 2170 Studem.
1106 2112 1188 2168 stad.
1206 2113 1247 2166 II
1259 2130 1291 2183 p.
1303 2116 1367 2168 229.

222 2194 265 2261 Of.
284 2193 433 2264 Seyffertne
452 2194 539 2248 ‘Iteel
549 2195 646 2263 pbital.
665 2195 780 2250 Wscbr!
793 2197 814 2249 1
822 2196 845 2248 V
858 2213 887 2264 p.
902 2199 948 2262 45,
965 2200 1029 2262 apte
1042 2193 1131 2248 Andr.
1145 2196 1205 2246 264
1222 2193 1366 2259 censam

312 2280 363 2329 339
377 2294 414 2345 sq.
449 2291 483 2327 eu
511 2280 590 2328 extra
618 2291 724 2329 nereum
748 2291 854 2344 parmas
881 2281 943 2330 eret.
971 2280 1076 2330 tetram.
1112 2270 1294 2327 Philolaches

223 2355 346 2409 omnium
367 2357 418 2410 del.
448 2354 518 2408 mihi
540 2355 721 2424 subianqebat
740 2355 925 2410 Hermanmes,
945 2384 979 2395 -
997 2353 1093 2408 Adest.
1114 2352 1144 2406 C.
1163 2352 1257 2422 Euge,
1278 2352 1368 2407 Philo-

221 2437 316 2492 laches
336 2435 374 2490 ht.
403 2435 500 2503 Adest,
522 2453 565 2502 eu,
585 2434 763 2489 Philolaches
783 2436 945 2506 Madciaine
963 2437 1076 2491 Advers.
1091 2437 1113 2488 I
1114 2436 1134 2488 I
1146 2451 1177 2503 p.
1193 2440 1236 2489 11.
1256 2439 1302 2488 76.
1328 2435 1367 2499 Cf.

223 2516 372 2586 Lanaenae
397 2517 512 2571 ‘Beitr.‘
538 2533 565 2584 p.
581 2521 637 2570 198
666 2516 862 2584 Riclaeterusque
889 2517 920 2568 ln
945 2514 1064 2570 Studem.
1083 2514 1162 2569 seat.
1183 2516 1366 2583 11460744.

222 2600 288 2665 (509
303 2599 387 2666 adn).
416 2598 512 2651 Adest.
528 2595 556 2649 Ο.
571 2595 623 2663 Eu,
638 2595 815 2650 Philblaehes
829 2594 1034 2648 Stndemundae
1043 2611 1073 2663 p.
1083 2597 1121 2648 18
1139 2595 1185 2662 (cf.
1201 2596 1239 2648 ad
1251 2611 1279 2649 a.
1293 2596 1368 2660 313).·

220 2678 269 2730 nbi
296 2679 399 2731 rectius
426 2678 458 2731 de
485 2682 568 2730 metro
591 2677 735 2730 indicabat
759 2676 919 2745 Spenaelius
944 2675 977 2729 de
1003 2681 1065 2729 cret.
1081 2691 1112 2743 p.
1127 2677 1164 2728 43
1176 2691 1216 2744 sq.
1235 2681 1261 2728 ct
1281 2672 1365 2737 ‘Bet’

217 2774 248 2825 p.
263 2761 299 2811 92
313 2774 368 2825 eqq.
390 2762 458 2824 196,
485 2758 643 2826 improbans
670 2758 752 2810 etiam
779 2755 923 2810 hominum
951 2755 1074 2809 omnium
1102 2755 1248 2809 traiectum
1276 2772 1295 2808 a
1317 2754 1367 2823 Py·

222 2838 297 2904 lade,
315 2836 357 2902 ht,
377 2838 413 2891 al.

311 2923 371 2970 341.
392 2917 506 2983 hecuba,
521 2915 604 2991 (mi)
624 2916 822 2970 Callidamates
842 2915 885 2969 et:
903 2917 952 2969 abi
970 2933 1061 2970 amam
1078 2917 1200 2971 neminis
1217 2930 1367 2971 mensuram

217 2999 327 3066 primns
344 2999 438 3052 docuit
457 2998 590 3052 Orainins
609 2999 626 3051 l.
646 3015 666 3052 s.
684 3014 705 3052 e.
724 2998 912 3052 accedentibus
931 2997 1066 3065 Gepperta
1083 2997 1164 3053 Sicut.
1182 2997 1229 3051 Pl.
1247 2996 1271 3050 Ι
1283 3014 1313 3067 p.
1328 2999 1368 3058 34,

222 3078 375 3146 »Spartacum
395 3081 431 3133 al.

312 3164 362 3210 342
377 3174 414 3226 eq.
448 3158 542 3212 chrias
566 3158 692 3216 Pfflhoh.
718 3161 811 3230 probe.
841 3157 907 3228 quin
932 3159 1114 3215 Cameran'ne.
1152 3157 1249 3212 ebrius
1277 3157 1367 3227 probe,

222 3236 348 3290 PfflLOL.
374 3238 446 3299 Quin
468 3237 505 3291 Ἠ.
544 3240 586 3303 Cf.
611 3240 771 3309 Spenqele‘ue
798 3242 831 3294 de
858 3246 919 3294 eret.
942 3258 971 3308 p.
986 3243 1022 3293 42
1049 3245 1074 3293 et
1100 3237 1132 3292 T.
1152 3240 1194 3294 M.
1214 3233 1253 3293 Pl
1265 3255 1294 3307 p.
1308 3241 1368 3303 200,

222 3318 428 3372 Studetnnndns
438 3334 467 3386 p.
477 3323 513 3371 17
522 3322 547 3372 et
556 3317 661 3372 Annal.
669 3321 765 3388 philol.
778 3320 888 3374 X0111
893 3338 923 3389 p.
935 3324 977 3374 69.
988 3324 1034 3387 66,
1050 3320 1081 3372 K
1082 3319 1179 3373 lottids
1190 3337 1219 3388 p.
1233 3323 1297 3373 181.
1307 3322 1367 3373 241.

312 3404 372 3451 344.
406 3398 486 3452 Inter
515 3399 590 3466 qubd
618 3398 699 3452 bibat
727 3403 798 3466 (cnm
822 3399 973 3469 Dclphium
1000 3402 1080 3454 mic?
1113 3396 1142 3454 G.
1168 3399 1208 3453 da
1234 3398 1282 3453 illi
1308 3414 1366 3454 cett

222 3480 356 3546 iunctum)
375 3483 399 3532 et
418 3477 562 3531 Dbrmiam
581 3495 633 3546 ego
653 3479 710 3532 iem
731 3483 748 3547 (.
760 3523 766 3535 .
778 3522 803 3535 ..
822 3479 968 3551 quippiam
1005 3480 1084 3535 Facit
1183 3480 1309 3549 interim)
1332 3480 1368 3533 la-

221 3575 321 3614 canam
339 3560 468 3628 sianabat
482 3558 662 3612 Heemannms
676 3577 694 3611 a
710 3559 800 3614 Pareo
814 3562 952 3631 deceptus:
971 3566 1050 3630 atque
1064 3559 1217 3629 Delphium
1236 3561 1368 3615 ineerebat

222 3640 357 3694 Urbiniae
375 3643 418 3706 (nt
436 3637 615 3691 Philolaches
629 3645 693 3706 poet
707 3637 778 3692 facit
792 3657 817 3694 c.
832 3647 885 3695 346
903 3642 1061 3696 baeabiacoe
1079 3642 1266 3710 canentum).
1288 3640 1368 3693 Ibin.

221 3721 311 3775 baeeb.
330 3720 472 3774 constitnit
491 3718 528 3772 ht.
567 3718 639 3771 Date
657 3716 701 3770 illi
722 3719 906 3775 Camerarius.
934 3709 981 3774 lui
1000 3719 1036 3773 da
1054 3721 1095 3774 aet
1113 3718 1157 3773 Dic
1174 3720 1219 3774 illi
1237 3722 1271 3775 ta
1290 3721 1368 3791 Spem·

220 3802 309 3871 beliue
332 3800 422 3867 ‘Retl'
446 3816 474 3867 p.
491 3803 537 3852 52.
561 3803 605 3852 94.
628 3801 685 3852 236
710 3799 790 3865 adn,
815 3799 1003 3856 Pataaeham
1026 3801 1091 3855 baec
1117 3801 1294 3856 continuam.
1329 3797 1369 3851 Da

221 3882 287 3935 Ilico
310 3879 350 3938 S.
371 3911 404 3920 -
432 3880 568 3933 dbrmiam
596 3895 649 3947 ego
676 3878 733 3932 iam
757 3896 813 3933 nan
839 3881 1001 3949 displicebat
1025 3880 1129 3936 Brixia
1150 3880 1258 3937 Aneiai.
1277 3880 1367 3951 pbdel.

224 3960 300 4015 XCI
316 3978 340 4016 c.
357 3965 401 4016 69.

311 4047 371 4095 346.
403 4041 445 4107 Os.
465 4043 502 4095 ad
520 4060 543 4096 a.
559 4047 620 4097 344.
642 4071 673 4080 —-
693 4041 757 4096 Non
777 4058 832 4110 pra
850 4042 923 4096 Num
948 4058 1009 4096 cnm
1027 4042 1168 4111 Scaliyera
1186 4042 1368 4114 &vitataque

223 4118 253 4172 et
277 4127 460 4195 remanente¹
472 4128 534 4190 post
561 4125 631 4176 alias
658 4121 776 4177 Prelmio
801 4122 834 4175 de
857 4138 939 4190 pren.
964 4122 1050 4190 indes.
1066 4125 1130 4191 a?
1157 4123 1205 4191 (cf.
1224 4122 1367 4194 διψήσω

222 4201 306 4254 Bure.
327 4203 430 4256 Annat.
451 4202 571 4255 LXIII
581 4220 612 4270 p.
628 4208 671 4257 16.
691 4206 748 4272 te).
763 4232 795 4242 -
814 4203 921 4257 Inserta
939 4219 1013 4256 nunc
1031 4209 1095 4256 ante
1112 4194 1185 4256 ‘facit
1203 4208 1264 4258 tete.
1284 4203 1366 4258 bacet.

222 4286 274 4333 cat.
295 4282 427 4348 efficiebat
441 4282 471 4335 ht
489 4284 626 4348 refutante
645 4283 790 4351 Spenyelio
804 4284 912 4337 decret.
927 4301 957 4352 p.
973 4286 1008 4337 13
1026 4284 1101 4349 adm,
1119 4280 1149 4335 T.
1164 4281 1207 4336 Μ.
1222 4283 1257 4339 Ρ.
1269 4301 1299 4353 p.
1308 4287 1366 4345 162,

224 4358 310 4426 ‘liet'
330 4365 428 4428 12254
451 4363 533 4430 (adde
556 4363 717 4433 b'eyffertdm
737 4366 770 4418 de
793 4364 881 4420 baceb.
897 4381 927 4433 p.
942 4367 994 4430 28,
1016 4363 1168 4432 Berykicnn
1188 4362 1288 4432 Opust.
1302 4363 1364 4434 ptil.

223 4441 245 4495 1
257 4457 288 4512 p.
304 4446 358 4495 169
377 4443 447 4496 mate
462 4443 593 4510 proatma
607 4444 794 4512 dimetientem,
809 4444 1029 4499 Studemundum
1042 4460 1074 4513 p.
1089 4447 1136 4513 39,
1154 4443 1213 4514 ab).
