2910 5528
162 247 224 312 132
664 245 797 303 essum
1120 247 1157 304 111
1170 253 1273 319 aaa
1311 214 1319 287 ⁴.

159 410 221 477 Sed
237 410 312 497 quia
327 411 534 497 consimilest,
552 415 649 497 quom
666 416 795 497 stertas,
809 414 900 500 quasi
917 414 1052 479 sorbeas
1066 450 1108 461 -
1163 429 1214 479 820.
1233 431 1273 479 821

633 543 828 599 Pnasnsraro

158 636 240 720 Eho,
263 659 304 701 an
329 637 449 700 dormit
473 634 638 701 Sceledrus
662 635 772 701 intus?

669 758 781 814 Lvacro

761 848 836 915 Non
859 853 938 915 naso
962 852 1105 937 quidem:

156 940 241 1005 Nam
265 962 302 1004 eo
327 942 480 1026 mignum
505 941 633 1005 clamat.

631 1062 824 1116 Paaausrnro

625 1152 748 1239 Tetigit
770 1153 901 1218 calicem
926 1153 1122 1220 clinoulum:

157 1261 366 1345 Dep'rompsit
389 1261 515 1325 nardini
539 1261 729 1345 rimphoram
754 1261 911 1326 cellarius.

156 1369 227 1433 Eho
252 1372 296 1452 tu,
320 1370 464 1448 sceleste,
488 1366 545 1452 qui
566 1368 614 1432 illi
640 1368 854 1452 suppromii's:
878 1367 947 1432 eho.

672 1490 785 1543 Lvaoro

156 1563 236 1638 Quid
261 1562 333 1630 uis?

244 1728 304 1777 820.
333 1730 393 1778 821.
419 1735 474 1776 suu
502 1724 655 1778 litterarum
681 1723 715 1775 ab
742 1723 824 1776 tuitio
853 1727 1045 1791 apparuerunt
1068 1725 1100 1777 iu
1123 1725 1150 1776 A
1174 1721 1273 1790 saliua,

156 1804 341 1859 Studemuudo
360 1805 474 1858 etiams
494 1802 692 1871 (consimilest)
776 1802 891 1856 Versum
909 1802 1019 1871 expellit
1036 1803 1198 1858 Ribbeclsius
1215 1802 1272 1857 llus.
1315 1844 1319 1879 3

156 1883 241 1938 Rhea.
265 1886 315 1939 ool.
331 1890 368 1940 12
383 1888 420 1949 (a.
436 1888 522 1951 1857)
538 1901 567 1952 p.
583 1888 646 1938 607.
670 1883 801 1938 erudisse
815 1888 878 1950 poa
896 1899 956 1937 eum
969 1884 1041 1937 velut
1058 1885 1138 1939 liaeo:
1155 1882 1215 1938 Ideo
1228 1895 1270 1934 sor
1317 1886 1319 1903 ³

157 1965 221 2017 bere
240 1982 302 2018 eum
322 1965 434 2018 narraui
453 1964 621 2032 imprudens.
659 1961 712 2034 Ph,
730 1962 790 2018 Eho
800 1963 965 2017 Bitschelius
977 1965 1144 2032 suspicatur.
1169 1961 1271 2031 ofilius·
1311 1980 1314 1985 ’

153 2061 239 2114 panus
259 2044 369 2098 ‘Bella'
387 2063 417 2115 p.
437 2049 473 2098 55
497 2050 521 2097 et
544 2044 720 2114 Niemoycruo
739 2045 755 2098 l.
774 2060 795 2098 s.
813 2060 835 2097 s.
853 2060 880 2110 p.
901 2046 957 2098 386
1028 2043 1056 2110 83
1077 2044 1115 2098 D.
1151 2043 1208 2098 Nisi
1222 2041 1270 2096 Asi·-

153 2126 263 2192 duls'us,
281 2123 431 2179 Muellerus
451 2124 590 2178 ‘Noctis’
607 2141 637 2192 p.
657 2128 692 2179 34
782 2125 825 2176 est
845 2121 998 2178 BODFZ
1085 2140 1168 2192 quom
1189 2123 1270 2180 Asido·

154 2206 216 2259 lius.
243 2204 489 2272 quodBGDFZ
578 2209 682 2258 stercen
701 2203 785 2257 BD¹:
804 2220 872 2257 corr.
883 2204 925 2258 12³
1033 2204 1109 2272 quia,
1128 2221 1206 2272 quom
1222 2203 1272 2256 ster·

153 2288 212 2351 tas,
239 2285 383 2339 consimile
403 2288 445 2339 est
463 2285 589 2339 Botlsiua
618 2300 702 2352 quom
722 2285 839 2350 stertas,
865 2281 999 2350 similest,
1018 2284 1099 2351 quasi
1118 2284 1142 2339 si
1158 2285 1271 2354 Brupsu·

152 2382 206 2418 rsus
220 2383 249 2435 p.
270 2371 306 2420 33
409 2370 469 2419 821.
489 2380 533 2417 nu
552 2370 743 2434 apparuerunt
761 2365 793 2417 iu
810 2364 837 2416 A
946 2361 1007 2418 Eho
1024 2380 1060 2417 an
1078 2363 1176 2418 GDF.
1202 2364 1272 2418 lloso

152 2445 216 2500 ΒΖ.
254 2446 297 2499 An
321 2446 486 2501 Ritsohelius
517 2444 577 2498 Eho
605 2446 741 2514 superiori
762 2444 799 2509 (a.
828 2458 850 2497 e.
878 2443 990 2509 amisso)
1016 2445 1108 2498 versut
1133 2445 1273 2500 auem

243 2541 348 2579 nonaso
368 2526 396 2580 B
503 2530 563 2580 823.
582 2527 759 2592 mammona
779 2529 972 2591 apparuerunt
994 2524 1026 2577 iu
1048 2525 1075 2576 A
1181 2520 1270 2578 euml.

154 2621 185 2659 eo
206 2607 287 2659 etiam
306 2607 355 2659 Pii
375 2606 470 2674 ‘prasci
488 2605 602 2660 codices'
694 2602 814 2672 Tetigit.
827 2647 832 2658 .
845 2603 996 2671 ¹cellarius,
1015 2603 1146 2658 inlibris
1162 2601 1272 2658 Laruas·

153 2687 326 2754 continuato,
345 2685 533 2740 Palaestrioui
551 2686 650 2739 tribuit
668 2685 816 2741 Acidaliae
905 2684 1010 2738 clamat
1027 2681 1126 2753 tetigit
1143 2684 1192 2739 D'.
1218 2682 1270 2737 olan

155 2764 252 2834 attigit
270 2766 313 2819 D³
384 2765 514 2831 calicem,
538 2765 695 2818 clanculum
719 2766 866 2820 Acidaliae
937 2769 998 2818 824.
1017 2778 1038 2817 1)
1056 2765 1092 2818 oi
1110 2766 1190 2819 tuitio
1206 2778 1270 2834 apps-

151 2847 210 2899 ruit
235 2845 356 2912 Loeuio,
379 2862 435 2900 uou
466 2846 667 2910 Studemundo,
690 2848 739 2915 qai
762 2851 844 2916 nepot
869 2860 909 2899 oa
933 2846 1066 2913 extitisse,
1093 2846 1140 2900 sed
1163 2845 1228 2900 sau
1245 2852 1272 2896 rs

241 2925 423 2995 Deprompsit
446 2926 556 2979 nardini
575 2927 738 2996 amphoram
758 2925 920 2981 Lambinus.
961 2925 1070 2979 Dormis
1087 2924 1131 2978 ita
1148 2921 1270 2980 molimini

151 3005 239 3073 phora
259 3007 294 3060 Β.
332 3006 407 3060 domi
435 3005 518 3060 sitam
542 3005 645 3060 ardimi
668 3023 731 3059 nam
757 3007 919 3075 amphoram
945 3004 973 3059 C.
1011 3003 1095 3060 Domi
1118 3005 1155 3061 sit
1176 2997 1271 3058 amarti·

151 3085 256 3138 minam
282 3085 446 3155 amphoram
471 3087 507 3140 D.
560 3085 674 3140 Dimisit
700 3087 894 3141 amardimiam
918 3086 1082 3156 amphoram
1106 3086 1143 3142 F.
1182 3080 1272 3141 Dimisit

151 3164 261 3218 nardini
280 3183 363 3218 unam
384 3168 548 3236 amphoram
571 3168 602 3221 Z.
640 3165 754 3220 Dimisit
772 3165 882 3220 nardini
908 3165 968 3220 uini
986 3166 1151 3236 amphoram
1170 3166 1272 3223 Com

150 3248 221 3299 rius.
258 3245 378 3300 Demisit
405 3247 515 3301 nardini
543 3248 707 3317 amphoram
735 3246 834 3302 Dousa
861 3252 885 3300 ei
914 3244 1026 3300 Dimisit
1050 3263 1163 3302 saeuus
1186 3246 1272 3315 Solu·

150 3325 215 3377 sius.
253 3325 382 3394 Dempsit
402 3327 511 3381 nardini
539 3346 623 3383 unam
647 3326 810 3397 amphoram
834 3327 988 3381 Acidalius.
1024 3324 1167 3397 Prompsit
1184 3321 1273 3380 nardini

150 3421 234 3458 unam
253 3405 417 3474 amphoram
437 3407 551 3464 Porcus.
589 3409 660 3462 Dum
681 3406 760 3460 misit
777 3407 895 3460 nardum
915 3405 945 3459 in
962 3405 1129 3476 amphoram
1151 3406 1275 3478 Ussiuoius

239 3485 349 3540 Dormit
368 3505 383 3541 e
402 3488 513 3541 nardini
536 3489 672 3558 amphora
692 3488 789 3556 Bappo
810 3486 906 3555 Opusc.
925 3487 963 3539 od
982 3485 1078 3540 Modo.
1100 3504 1131 3556 p.
1151 3491 1204 3542 166

150 3565 311 3620 cellararius
331 3567 394 3622 OD.
420 3569 537 3624 celerius
560 3570 586 3622 Z
674 3569 714 3622 Et
725 3568 775 3621 hoc
792 3583 816 3619 o.
836 3571 861 3620 et
878 3583 902 3620 o.
921 3569 977 3620 323
995 3567 1219 3637 iatemopatiouis
1233 3563 1275 3633 sir

149 3663 215 3700 uum
233 3647 264 3700 iu
281 3647 335 3713 fine
353 3649 465 3703 collocat
484 3649 648 3703 Ritteclriua
678 3648 753 3702 Mus.
778 3645 865 3700 Rieu.
888 3648 937 3701 ool.
965 3651 1002 3701 12
1027 3650 1064 3714 (a.
1084 3652 1171 3716 1857)
1188 3665 1217 3720 p.
1233 3648 1277 3704 666

239 3732 299 3781 825.
319 3730 684 3797 (nuouusommasirnoun
702 3726 812 3795 (quibus
831 3740 869 3778 nn
883 3726 969 3780 dubio
983 3727 1094 3781 lectione
1108 3727 1279 3784 6661161661·

148 3809 280 3862 muudus:
302 3801 439 3877 spatium,
463 3811 535 3879 quod
555 3811 678 3879 primum
696 3823 715 3861 n
730 3808 885 3877 praecedit,
906 3823 966 3861 uuo
988 3807 1081 3862 littera
1103 3809 1195 3864 maius
1211 3823 1281 3880 quom

148 3890 220 3956 qiud
245 3902 384 3944 anoruso
408 3891 506 3945 litteris
529 3889 671 3958 eapleotur
692 3889 789 3956 fuisse)
809 3891 1000 3957 apparuerunt
1021 3889 1054 3942 iu
1078 3889 1107 3944 A
1215 3889 1284 3944 Pau.

144 3971 327 4034 praemittunt
346 3970 502 4024 BGDFZ
573 3968 634 4023 th
652 3968 688 4022 B.
719 3967 760 4023 Εο
779 3968 806 4022 Ζ
873 3968 943 4036 Eho,
962 3969 993 4022 tn
1011 3969 1131 4024 sceleste
1149 3975 1214 4026 oute
1230 3968 1284 4025 Rii-

147 4048 274 4101 scliclium
293 4051 537 4120 iuterpuapehatur
608 4065 772 4118 suppremus
792 4049 844 4102 eho
860 4047 924 4102 01).
953 4048 1062 4120 suppm²
1083 4049 1152 4105 seho
1167 4052 1203 4106 Β.
1229 4067 1287 4122 sup·

150 4125 254 4192 promis
273 4129 326 4182 eho
347 4129 382 4182 F.
411 4130 569 4200 subpromis
588 4148 621 4184 eo
642 4131 673 4184 Z.
710 4125 875 4198 suppromus
895 4144 924 4183 es
943 4128 1097 4185 Scutarios.
1127 4147 1289 4202 suppremus

150 4222 191 4272 es,
211 4208 264 4260 eho
285 4208 466 4263 Camerarius.
501 4212 686 4280 suppremu's:
707 4211 774 4264 cedo
793 4209 958 4264 Riooecu'as
982 4210 1059 4265 Mus.
1077 4210 1168 4267 Rhea
1187 4212 1237 4267 eol
1255 4216 1288 4267 12

148 4287 185 4342 (a.
207 4290 290 4352 1357)
307 4304 336 4354 p.
356 4292 427 4341 608:
451 4291 521 4344 idem
540 4289 645 4345 LVRC.
665 4291 724 4343 Eho
743 4291 829 4344 edidit
918 4294 978 4344 826.
998 4290 1294 4361 Qu(1om)ssssso(m)n

100 4438 101 4441 Ἴ
149 4366 231 4428 liunt
251 4373 440 4432 apparuerunt
459 4370 488 4421 iu.
511 4372 533 4422 A
608 4369 658 4434 Qui
680 4371 842 4424 Buoulrlua.
882 4369 953 4434 Quid
974 4367 1133 4423 BGDFZ
