2910 5528
149 323 211 386 136
625 315 811 371 APPENDIX
1145 318 1257 369 sse-m

147 485 185 538 ad
202 484 261 538 Att.
279 480 325 535 VI
336 487 363 548 1,
377 485 424 537 22.
450 479 532 533 XVI
545 484 571 546 7,
586 485 603 533 6
625 494 744 547 quaeque
761 477 867 531 similia
886 477 1019 547 oompessit
1038 474 1100 530 Otto
1115 476 1149 531 de
1162 474 1260 544 puseo.

148 564 225 619 Ilom.
245 563 285 616 ed.
305 579 331 616 a.
345 564 421 615 1890
434 578 464 629 p.
479 563 582 629 seseq.
624 558 694 613 Vide
708 558 799 627 praes.

236 646 298 696 224.
317 643 348 694 st
365 642 410 693 sta
427 640 533 694 Dousa.

237 725 378 775 225-227
402 720 479 789 ‘quos
500 735 557 774 mou
579 721 638 773 sime
660 735 761 787 mapma
779 719 926 786 asperitate
944 719 981 772 ad
1000 718 1149 774 troobaiooe
1165 732 1266 772 usuam

148 803 263 859 reuocee’
284 801 414 855 iambicos
432 800 573 868 discripsit
591 799 634 852 Vl:
653 800 725 868 quood
742 815 804 853 eum
821 799 874 852 alii
892 799 1051 866 improbant
1069 803 1128 853 tum
1142 796 1267 853 Muellerus

152 883 232 936 Pras.
252 898 282 949 p.
299 884 361 934 421.
377 884 433 934 296
456 880 599 933 dubitante
621 878 769 933 Ribbecleio
793 876 864 932 Gora.
888 877 1003 948 frapm.¹
1022 878 1112 947 p.-X.
1132 907 1163 918 -
1186 877 1215 932 V.
1229 882 1268 930 123

150 959 198 1014 Nil
217 960 330 1029 quidem
350 959 469 1013 Botbius
486 976 548 1014 eum
564 958 678 1027 Pylade.
693 989 728 997 —
745 957 797 1010 Em
816 955 871 1011 tibi
889 959 956 1027 (pro
972 955 1062 1012 Estne
1080 955 1150 1012 lineo
1167 959 1271 1025 mermi)

151 1039 334 1107 Ijsemdijleius
348 1057 378 1108 p.
397 1043 446 1094 22.
466 1069 500 1079 -
526 1040 557 1093 V.
576 1044 629 1092 226
648 1037 732 1092 domi.
752 1053 848 1092 secem
866 1036 922 1091 hue
939 1037 1022 1107 oulpo
1034 1042 1101 1106 post
1118 1037 1273 1104 Lambinus,

152 1121 223 1189 quod
245 1120 278 1173 iu
300 1120 364 1174 adu.
389 1121 455 1185 (mom
476 1120 508 1171 ia
531 1121 683 1187 contextui)
707 1134 777 1173 oorr.
805 1116 942 1171 Gruterus
966 1117 1181 1187 Grorsooiusoue.
1214 1117 1274 1171 doni

150 1216 253 1255 eseam.
273 1214 337 1252 nam
356 1199 411 1252 huo
425 1196 455 1251 Vi
475 1199 543 1252 ‘aiei
561 1198 650 1252 domi:
670 1213 765 1251 secem
783 1195 892 1250 nullam
909 1195 965 1250 huo
979 1197 1128 1266 praestat’.
1157 1195 1228 1251 domi
1241 1213 1276 1252 ee·

149 1279 251 1333 cillsm.
275 1280 330 1332 huo
354 1280 434 1332 etiam
458 1277 657 1332 Fleckeieemus.
701 1276 742 1342 Of.
767 1276 855 1330 Stiolri
876 1293 900 1331 o.
921 1281 979 1332 261
1003 1275 1126 1345 (ArP),
1146 1278 1184 1333 al.
1215 1276 1277 1331 doni

150 1375 252 1413 eccum.
281 1374 333 1426 ego
362 1358 417 1410 huc
443 1357 619 1412 Scbeuleelius
642 1355 720 1411 Stud.
747 1355 793 1409 Pl.
813 1360 848 1410 13
867 1355 956 1427 [619]
983 1357 1092 1410 hiatum
1120 1360 1208 1411 meu
1226 1361 1277 1427 post

152 1455 245 1492 eccam
275 1438 433 1505 defemdems,
460 1438 509 1492 ubi
537 1436 616 1490 doml
645 1451 752 1490 eccam:
782 1433 837 1487 hue
864 1451 926 1490 oum
947 1433 1132 1490 Laelrmamso
1159 1436 1190 1489 iu
1210 1434 1277 1490 Iuor.

147 1536 177 1588 p.
197 1524 254 1573 200
277 1517 439 1587 Spempelius
459 1515 490 1571 Τ.
509 1516 550 1569 Μ.
573 1515 653 1583 P.p.
669 1517 801 1570 208111
826 1513 1008 1583 Kloteiusque
1025 1531 1058 1583 p.
1072 1517 1141 1583 128,
1162 1531 1219 1570 ααι
1236 1515 1278 1570 alii

152 1600 258 1652 biotam
276 1602 340 1667 post
361 1596 470 1650 nullam
489 1594 688 1664 praetulerint,
711 1593 761 1647 ubi
785 1594 817 1647 de
840 1593 877 1646 ad
898 1594 928 1647 te
952 1599 1015 1649 aute
1038 1591 1126 1648 attuli
1147 1594 1278 1664 supplendo

153 1678 271 1747 copitaoi
291 1677 336 1745 (ef.
356 1677 384 1729 A
401 1693 426 1730 o.
441 1679 505 1742 576,
522 1677 602 1742 simu).
620 1705 653 1713 —
678 1673 708 1727 V.
724 1679 776 1728 227
795 1672 897 1729 Nescio
920 1672 989 1743 qnid
1007 1671 1097 1728 hebes
1115 1674 1278 1743 Iismrdblriss

153 1777 179 1828 p.
194 1761 242 1812 22.
259 1787 292 1797 -
312 1754 499 1825 subegitatr'nr
519 1755 751 1809 Camerarius-
771 1751 819 1807 Sin
838 1756 883 1820 (ει
903 1752 978 1822 Sine)
1003 1756 1032 1807 te
1051 1769 1144 1808 emen
1162 1754 1280 1825 Boeotius

156 1837 253 1907 Opuso.
269 1838 289 1890 1
303 1854 334 1904 p.
349 1840 404 1891 550
418 1837 481 1890 adri.
1064 1856 1067 1860 ⁴

241 1922 301 1970 230.
322 1933 430 1985 semper
448 1916 590 1970 &lordum
613 1915 717 1968 eerssuit
736 1912 885 1980 Gruterus,
907 1914 979 1968 idern
1001 1919 1094 1969 tamem
1112 1913 1170 1982 Ne,
1191 1913 1277 1985 eupillo

153 1995 312 2064 uersipelle,
330 1994 411 2049 foede
431 2012 539 2064 semper
559 1994 665 2047 seruies
680 2009 838 2063 propomems
855 1994 905 2047 ubi
918 1991 970 2060 Ne,
990 1993 1039 2048 ubi
1058 1993 1214 2064 norsipellls
1230 1994 1277 2060 flu,

153 2076 172 2129 f.
188 2094 210 2130 s.
226 2094 248 2128 s.
267 2075 392 2129 Botlrius.
421 2074 536 2127 ‘seruies
555 2074 604 2127 oie
622 2073 760 2141 expedias.
778 2089 829 2141 pro
847 2090 899 2141 ouo
918 2090 985 2127 uum
1002 2075 1074 2141 forte
1091 2074 1209 2129 dormire
1225 2075 1297 2129 seri·-

149 2161 229 2224 ptum
247 2153 340 2220 fuiti’
362 2152 405 2207 Vl:
420 2160 485 2222 post
502 2170 579 2222 quem
598 2152 710 2206 sordeas
729 2155 818 2207 suasit
837 2153 964 2208 Goeteius
983 2154 1045 2208 Aet.
1063 2171 1117 2210 soe.
1132 2157 1200 2225 pbrl.
1215 2156 1277 2225 lips.

154 2235 205 2287 IV
214 2253 243 2303 p.
260 2238 323 2300 353,
342 2231 446 2287 Veneri
461 2249 514 2301 pro
534 2248 643 2301 semper
657 2231 769 2286 Riesias
785 2232 853 2287 ‘Lis
870 2231 1031 2288 Gemtralbl!
1048 2252 1073 2289 a.
1088 2239 1163 2291 1875
1172 2254 1200 2306 p.
1215 2238 1278 2289 uso.

154 2318 193 2368 At
217 2314 594 2382 oslrlleipbr.epist.127:
623 2310 710 2374 οὕτως
734 2309 798 2366 ὅλον
822 2331 855 2382 με
878 2313 949 2383 αὐτῇ
973 2312 1047 2367 κατὰ
1069 2313 1123 2383 τὴν
1145 2318 1279 2384 παροιμίαν

154 2391 338 2461 ἀνατρέψασα
361 2392 505 2446 δουλεύειν
530 2387 734 2461 impederemus.
768 2393 801 2446 ob
825 2389 855 2446 di
880 2393 1015 2462 οὐδεμίαν
1040 2392 1118 2462 ὤραν
1142 2393 1210 2464 ἔχεις
1226 2390 1279 2463 ἐμοῦ

155 2477 280 2535 διακαῶς
299 2470 481 2542 φλεγομένου.

243 2559 304 2606 231.
320 2553 362 2605 Tu
376 2551 491 2619 quidem
505 2570 534 2606 es
550 2550 625 2604 haud
640 2551 726 2605 etiam
740 2551 887 2622 octoginta
896 2552 1027 2623 Gupetres.
1047 2553 1090 2607 Tu
1105 2554 1215 2622 quidem
1226 2555 1281 2608 hert

154 2635 241 2689 etiam
270 2632 436 2701 octogintae
459 2631 489 2685 Ἠ
517 2632 621 2686 adderes
646 2630 738 2685 ‘Nune
766 2638 885 2700 expectes
904 2635 1000 2701 potius
1021 2650 1073 2701 pro
1098 2632 1162 2689 Tu’.
1197 2636 1233 2689 Ae
1255 2634 1280 2699 es.

154 2715 334 2769 Buechelerus
352 2713 384 2766 iu
407 2712 563 2779 lVoelfflim'
581 2712 684 2767 Arabio
705 2712 725 2764 I
727 2711 767 2763 II
780 2728 809 2779 p.
826 2715 925 2780 14189.
949 2716 975 2766 et
992 2711 1144 2782 Seyffertus
1165 2716 1196 2770 iu
1212 2715 1281 2769 Bure.

156 2793 259 2844 „lismoi
275 2790 394 2843 LXIII
408 2809 437 2859 p.
453 2795 477 2843 8.
516 2791 635 2844 Dubitat
658 2790 788 2845 Kloteius
808 2808 837 2858 p.
855 2797 898 2846 70.
913 2821 948 2831 —
968 2791 1153 2850 consistentis
1170 2794 1280 2866 Gupetu.

245 2875 305 2923 232.
325 2868 430 2923 Militis
448 2868 500 2922 ills
517 2869 546 2922 Vi
566 2887 626 2924 oum
646 2870 758 2939 Gupeto.
787 2868 830 2922 Ea
847 2869 950 2925 militis
968 2871 1100 2940 Emperus
1117 2875 1151 2928 de
1164 2875 1207 2931 Pl.
1222 2888 1280 2943 prot.

153 2968 182 3018 p.
200 2949 329 3002 XVIII.
358 2950 397 3003 At
415 2952 549 3005 semtemio
567 2956 618 3004 est:
637 2952 668 3003 im
687 2948 798 3004 Veseris
815 2952 925 3017 militia,
943 2952 980 3005 ad
994 2968 1076 3020 orsam
1092 2953 1280 3023 Sopboolidiua

155 3029 269 3094 iuoitat,
294 3029 458 3095 confidentia
482 3046 550 3098 opus
568 3046 622 3084 esse
640 3031 765 3099 (propter
782 3031 905 3085 mulieris
922 3031 1099 3103 foeditatam).
1139 3034 1228 3105 ρνανο
1242 3031 1281 3087 1111

156 3109 226 3173 ferri
244 3110 350 3176 sequit,
369 3110 475 3163 etiamsi
493 3111 687 3179 eorreptionem
705 3111 843 3166 admittas.

245 3193 306 3242 233.
326 3189 417 3256 Atque
437 3204 489 3258 ogo
509 3191 581 3243 huno
606 3189 757 3260 Vssiupius.
796 3191 837 3257 Os.
859 3192 1011 3246 Muellerus
1025 3211 1055 3262 p.
1071 3199 1129 3250 438
1137 3213 1175 3265 oq.

244 3272 304 3321 234.
324 3268 378 3321 Ero
404 3285 512 3336 quoque
535 3268 620 3323 Pius:
645 3271 759 3338 itemque
782 3270 883 3323 inserto
906 3270 962 3323 ism
984 3277 1047 3339 post
1068 3273 1126 3327 nisi
1148 3277 1208 3341 (out
1224 3273 1281 3342 Ergo

157 3363 268 3416 quoque
292 3350 351 3415 ero)
370 3347 507 3402 Luebsius
531 3349 563 3402 im
581 3348 700 3403 Studem.
720 3349 800 3403 Stud.
814 3348 837 3401 I
847 3366 876 3418 p.
893 3354 942 3404 5οε
960 3351 995 3416 oi.
1016 3352 1084 3407 ibid.
1100 3359 1208 3422 p.184.
1238 3353 1282 3422 Ego

155 3444 266 3495 quoque
281 3427 411 3482 Kloteius
426 3446 456 3498 p.
473 3433 526 3483 153
546 3430 702 3497 (desemdems
716 3427 836 3483 Molesta
852 3431 857 3497 Ι
873 3430 935 3496 est).
965 3427 1019 3484 Ero
1033 3431 1124 3501 igitur
1137 3450 1243 3502 quoque
1253 3430 1282 3486 ml

156 3508 241 3563 Porro
267 3524 313 3561 ero
338 3524 447 3576 qnoque
472 3507 618 3579 Vesiupius
641 3509 713 3564 olim.
733 3538 767 3548 -
794 3508 824 3561 V.
844 3513 897 3563 235
925 3512 1036 3565 attensi
1060 3512 1111 3582 (B)
1138 3515 1282 3570 servamus

156 3590 237 3643 fluuit
256 3585 294 3642 st.

246 3672 297 3721 237
308 3685 346 3736 sq.
365 3669 613 3721 sermomonem
631 3686 655 3723 o.
668 3673 724 3723 237
743 3675 767 3722 et
785 3670 866 3723 verba
879 3668 957 3723 Merx
973 3670 1058 3740 [Mers
1072 3672 1170 3741 Opusc.
1183 3670 1283 3743 pselli

152 3768 182 3818 p.
198 3747 265 3818 656]
285 3747 316 3800 tu
335 3747 433 3801 mels's
453 3750 551 3802 tribuit
569 3766 630 3803 auor
644 3749 781 3803 Lambiuo
800 3748 954 3819 Weisioque
971 3750 1001 3803 u
1020 3753 1180 3822 petraponte
1192 3752 1282 3824 Bappo

157 3828 257 3882 Plrilol.
269 3825 362 3879 XXX
369 3844 397 3895 p.
409 3831 472 3894 046,
486 3827 643 3882 Hubriolsio
658 3829 675 3884 l.
685 3845 706 3882 s.
718 3844 738 3882 s.
750 3845 779 3895 p.
791 3834 847 3883 125
856 3846 905 3898 sm,
918 3830 991 3884 aliis.
1012 3830 1137 3887 Ceterum
1150 3832 1281 3889 distirds'o·

156 3923 216 3959 mem
235 3923 259 3959 o.
274 3908 332 3959 237
348 3912 445 3973 postea
463 3908 521 3975 ipse
539 3923 608 3962 corr.
627 3905 657 3959 'Ii
675 3910 707 3961 ia
724 3910 875 3978 exemplari
893 3925 950 3963 suo.

246 3990 297 4037 239
308 4000 362 4053 sqq.
383 3984 429 4041 So,
449 3985 495 4042 dio
513 4004 592 4057 ergo,
613 3987 681 4054 quid
702 3990 762 4042 est?
785 3988 857 4042 Psn.
878 3988 919 4042 Ne
939 3991 1115 4059 hoc...hoo,
1139 4009 1220 4061 quern
1235 4007 1280 4059 ego.

158 4063 205 4116 Se.
225 4065 255 4115 et
273 4068 304 4117 tu
324 4063 377 4118 hoe
396 4067 457 4120 fuce
474 4066 649 4121 Camerarius
667 4068 782 4136 itemque
799 4066 943 4136 Gruterum
960 4071 1018 4123 misi
1035 4072 1110 4138 quod
1128 4073 1175 4127 So.
1190 4071 1279 4125 Elam

157 4141 279 4195 edietum
299 4145 401 4210 posuit.
429 4143 502 4199 Pan.
523 4146 568 4200 die
586 4163 666 4214 ergo,
691 4147 837 4215 quidest?
863 4147 908 4203 So.
928 4150 959 4203 st
981 4150 1167 4219 astiturum,
1189 4154 1226 4207 Ne
1240 4150 1279 4202 boc

216 4223 397 4288 loquerentur
414 4225 500 4293 prius.
525 4227 596 4281 Pau.
616 4226 746 4280 Edictum
766 4231 810 4282 est
826 4245 967 4297 ...quam
986 4245 1048 4299 ego.
1073 4231 1120 4286 SO.
1140 4225 1216 4287 st'tu
1230 4226 1277 4282 lis·

157 4299 312 4354 Lambinus
329 4319 386 4356 mom
404 4306 529 4375 arrrbipue
544 4324 753 4363 commemorares
766 4310 798 4363 iu
814 4309 904 4363 ‘libris
917 4311 977 4364 suis
989 4310 1052 4364 oet!
1069 4313 1152 4366 rerba
1170 4316 1199 4367 sl
1211 4306 1278 4365 usos

159 4394 219 4429 sum
233 4382 352 4434 extitisse
364 4390 427 4451 post
441 4385 620 4453 loquerentur
633 4388 720 4458 prins,
734 4405 803 4458 quae
816 4390 963 4444 traiecerit.
991 4389 1163 4461 Vide'praes.
1187 4392 1278 4446 ‘Corin
