2910 5528
964 129 1003 139 mv

151 198 211 216 aa·

249 258 253 266 2

640 708 846 765 PRAEFATIO
940 715 944 721 '
1226 712 1317 766 XXIX

267 872 328 937 His
352 871 507 955 expositis
531 872 593 936 etsi
616 893 681 936 ncn
700 872 818 936 desunt
841 894 921 955 quae
941 873 1023 938 adici
1045 873 1185 957 possint,
1207 877 1317 939 tamen

172 979 279 1044 nolim
298 999 418 1062 angere
437 978 647 1063 praefationis
662 980 829 1043 ambitum.
860 979 975 1062 ltaque
990 1002 1089 1044 unum
1103 985 1213 1064 restat,
1232 981 1317 1066 quod
1392 963 1396 969 ¹

174 1106 249 1150 esse
271 1088 303 1149 et
322 1106 422 1171 grave
441 1088 476 1148 et
493 1086 623 1168 gratum
642 1083 739 1147 solet:
759 1089 796 1149 nt
813 1085 994 1168 praedicem
1014 1106 1146 1168 operam
1166 1086 1318 1151 adlauda-

174 1192 287 1275 bilem,
309 1191 446 1277 probam
471 1194 504 1254 et
526 1191 706 1273 sapientem
729 1193 762 1252 et
785 1190 937 1273 sobriam,
961 1214 1076 1293 quam
1076 1192 1110 1256 in
1128 1191 1188 1256 hac
1208 1192 1318 1256 fabula

175 1298 302 1363 edenda
323 1296 404 1361 mihi
426 1297 484 1362 obt
485 1296 615 1360 ulerunt
632 1299 698 1359 tres
717 1297 778 1359 viri
769 1295 1039 1361 Plautinissimi.
1086 1297 1170 1362 Nam
1190 1302 1282 1381 praet
1284 1321 1318 1362 er

175 1407 368 1469 consuetum
383 1403 462 1468 socii
477 1402 666 1467 amicissimr
658 1401 838 1466 auxilium
854 1403 1042 1468 Aunaauvs
1055 1402 1317 1470 Fuuunmsanvs

174 1509 318 1594 benigne
341 1507 507 1591 impertire
531 1507 633 1571 voluit
655 1507 730 1571 huic
753 1508 885 1592 negotio
910 1513 1034 1591 partem
1056 1508 1123 1590 otii,
1148 1510 1233 1592 quod
1251 1532 1316 1574 non

176 1614 275 1679 modo
298 1635 371 1679 cum
394 1614 555 1697 dignitate
577 1634 713 1690 summa,
736 1634 846 1676 verum
869 1614 967 1677 etiam
987 1635 1057 1677 cum
1077 1614 1199 1699 insigni
1218 1614 1318 1679 bona-

174 1745 249 1787 rum
273 1722 453 1787 litterarum
479 1719 620 1784 utilitate
643 1722 757 1783 nactus
781 1723 839 1783 est.
876 1719 958 1783 Tum
982 1742 1057 1784 vero
1077 1719 1192 1785 Oscis
1212 1718 1316 1784 Saru-

175 1844 311 1894 rnauvs
325 1827 503 1891 liberaliter
513 1829 610 1908 atque
620 1825 758 1909 ingenue
769 1847 861 1908 opem
873 1827 1045 1910 praestitit,
1060 1848 1154 1909 quarn
1166 1825 1317 1891 Goetaius

175 1956 270 2000 meua
293 1924 413 2016 aliique
432 1953 529 2015 saepe
548 1933 671 2014 experti
691 1935 776 2014 sunt,
799 1932 902 1996 bonae
922 1931 1025 2016 frugis
1045 1932 1188 2014 plenam:
1213 1933 1319 2015 quiet

175 2063 216 2105 ex
237 2038 340 2122 copiis
352 2037 426 2103 suis
445 2040 637 2121 apparatum
657 2037 796 2101 correxit
816 2038 968 2121 auxitque
983 2043 1016 2101 et
1030 2037 1248 2101 dubitationes
1262 2038 1317 2102 ob-

176 2146 443 2228 servationesque
463 2143 610 2208 adiunxit
627 2144 825 2208 utilissimas.
858 2142 944 2218 Quas
960 2143 1168 2226 Fleckeiseni‚
1183 2143 1318 2226 Goetaii,

175 2251 328 2336 Seyfferti
347 2251 523 2315 sententias
543 2249 681 2335 simplici
700 2251 830 2314 nomine
848 2249 998 2332 indicavi,
1016 2271 1070 2312 eas
1087 2249 1254 2314 sciendum
1269 2255 1319 2314 est

175 2380 237 2442 per
255 2357 403 2442 plagulas
422 2353 619 2442 correctas*)
638 2356 712 2420 illos
727 2377 851 2419 mecum
865 2356 1131 2420 communicasse:
1151 2360 1319 2438 praeterea

174 2464 308 2547 saepius
331 2461 481 2546 Seyfferti
504 2460 697 2526 ‘censuram'
722 2462 972 2525 commemoravi
996 2462 1198 2544 simpliciter,
1222 2485 1318 2547 quam
1365 2496 1384 2527 ο

172 2570 234 2634 ille
264 2569 302 2632 de
326 2567 481 2652 Vssingio
505 2567 635 2650 scripsit
657 2567 689 2630 in
713 2567 984 2650 Ephemeridibus
1013 2591 1032 2632 a
1060 2590 1094 2631 se
1118 2568 1319 2653 Belgeroque

172 2674 273 2739 editis
298 2697 326 2738 a.
347 2674 431 2738 1887
457 2695 486 2756 p.
505 2673 571 2739 390
581 2695 650 2758 sqq.

267 2779 363 2844 Haud
383 2801 485 2863 pauca
504 2780 630 2862 novavi,
650 2801 731 2863 quae
746 2779 858 2844 multis
873 2780 1033 2863 placitura
1048 2802 1118 2844 esse
1133 2784 1169 2842 ut
1183 2802 1318 2864 sperem,

172 2910 242 2952 non
270 2909 342 2951 sum
370 2887 450 2950 satis
476 2887 677 2950 temerarius.
722 2885 962 2951 Rmscnamvn
988 2890 1135 2949 nostrum
1160 2887 1225 2950 scio
1249 2887 1317 2949 uni-

173 3016 303 3059 versam
324 2973 457 3058 conatus
477 2992 540 3055 mei
559 2991 719 3055 rationem
738 3013 802 3055 non
822 2991 985 3074 improbat
986 2972 1078 3055 urbm
1098 3013 1201 3074 neque
1222 3012 1318 3074 aegre

173 3102 320 3164 laturum
347 3099 461 3182 fuisse,
490 3096 595 3181 quod
603 3102 670 3160 tam
699 3119 795 3181 saepe
823 3097 864 3160 ab
891 3096 959 3160 eius
984 3119 1038 3159 res
1040 3097 1131 3180 tigiis
1155 3097 1316 3162 discedere

173 3228 275 3271 ausus
299 3228 380 3286 sum,
404 3205 551 3287 quamvis
574 3204 607 3267 in
631 3203 767 3287 singulis
791 3203 887 3266 rebus
911 3204 1072 3286 permulta
1090 3204 1184 3267 aliter
1203 3205 1319 3268 multo·

173 3334 240 3397 que
264 3311 379 3374 melius
404 3310 663 3373 administrasset
685 3309 762 3390 ipse.
799 3307 883 3371 Illud
908 3331 981 3373 vero
1005 3331 1192 3392 persuasum
1213 3309 1318 3374 habeo

172 3439 229 3482 me
253 3437 385 3500 prorsus
410 3437 447 3479 ex
472 3414 688 3499 praeceptoris
712 3414 797 3476 unici
822 3415 930 3477 animo
953 3415 1147 3498 instituisse,
1176 3416 1260 3498 quod
1285 3418 1319 3478 in

171 3524 286 3587 fronte
308 3522 385 3586 libri
404 3521 601 3586 Wuucssnm
625 3519 676 3583 sui
699 3520 872 3583 memoriae
897 3519 1075 3584 immortali
1099 3520 1231 3584 adiunxi
1249 3521 1318 3585 eius

171 3629 240 3693 viri
257 3650 387 3711 nomen,
411 3650 505 3711 quem
527 3630 558 3692 in
579 3626 689 3709 paucis
710 3626 818 3705 coluit,
837 3627 974 3689 amicum
993 3626 1201 3708 indefessum,
1220 3626 1317 3690 fidum

168 3736 371 3819 firmumque
393 3733 522 3815 habuit,
544 3732 694 3796 Hanurcr
718 3731 876 3796 Bauaun.

267 3873 389 3958 Scripsi
413 3873 701 3956 Heidelbergae
726 3897 766 3937 m.
785 3872 879 3936 Mart.
900 3895 927 3936 a.
946 3870 1193 3938 MDCCOXCH.

1170 4047 1210 4113 F.
1236 4045 1272 4113 S.

265 4225 292 4292 *)
313 4223 415 4278 Omnes
429 4240 536 4278 errores
548 4225 711 4293 typothetae
723 4226 816 4290 (quem
828 4221 1049 4275 sollertissimum
1061 4220 1317 4290 diligentissimum-

159 4321 228 4377 que
253 4305 385 4373 expertus
409 4304 480 4369 sum)
506 4320 539 4356 ne
564 4318 673 4356 summa
693 4303 805 4371 quidem
827 4301 974 4370 diligentia
996 4300 1095 4355 evitari
1116 4319 1209 4370 posse,
1236 4319 1317 4355 nemo

159 4383 333 4447 mirabitur,
348 4381 396 4451 qui
412 4383 483 4436 sciat
496 4383 539 4436 vel
554 4381 684 4436 absoluta
698 4383 857 4436 correctura
872 4397 957 4434 novos
973 4379 1111 4434 interdum
1126 4382 1202 4434 nasci
1221 4381 1316 4435 solere.

158 4469 353 4534 Quamquam
369 4463 460 4515 adbuc
471 4462 625 4516 leviuscula
634 4465 742 4515 tantum
755 4460 949 4524 arrimadverti
964 4460 1040 4513 velut
1051 4462 1183 4513 accentus
1194 4460 1318 4512 abiectos

155 4568 187 4602 v.
216 4549 251 4598 rr
274 4528 341 4611 (tt),
364 4541 450 4608 acrv
417 4543 489 4611 (u)
514 4527 648 4607 aalma
651 4544 689 4608 a),
714 4525 1317 4607 arsia)cee(1a)eeo(lauresans);

153 4639 285 4683 comma
304 4546 445 4674 adiectum
465 4639 490 4674 v.
505 4623 612 4687 266‚t
586 4620 726 4673 stellulam
752 4622 883 4673 omissam
907 4619 941 4671 ad
963 4637 987 4671 v.
1004 4624 1068 4685 219,
1092 4634 1235 4670 numerum
1256 4636 1317 4685 per-

151 4699 348 4762 turbatum
340 4718 370 4754 m
389 4699 492 4754 testim.
513 4701 549 4752 ad
568 4719 594 4753 v.
610 4705 661 4753 34ss
682 4702 774 4768 (ΜΟ
791 4705 824 4753 15
843 4717 892 4768 pro
911 4701 977 4765 206,
991 4701 1044 4765 15).
