2910 5528
143 338 186 400 44
268 386 273 391 .
650 333 785 388 rervm
1058 331 1122 399 ιε,
1142 336 1277 386 rel-ro

662 494 781 550 Mrurmo

146 571 231 649 Quid
255 571 394 637 faciam?

613 658 826 710 Aooueerocasa

463 746 586 831 Exorai,
610 746 768 829 blandire,
791 746 897 829 palpa
996 743 1000 749 ’

658 848 777 904 Mrurmo

874 922 1006 1013 Faciam
1030 925 1157 990 sedulo:

149 1032 211 1098 Sed
234 1033 386 1143 uidelsia
411 1056 451 1097 ne
475 1037 511 1097 tu
535 1033 697 1097 oratorem
721 1030 807 1096 hunc
830 1031 948 1116 pugnis
970 1034 1083 1117 pectas
1106 1034 1223 1116 postea

618 1136 826 1188 Aooussrocuus

62 1158 64 1162 Α
148 1209 225 1276 Non
247 1211 373 1276 faciam.

623 1297 815 1350 dormitamus

361 1385 437 1452 Non
461 1389 582 1471 ae'quos
605 1386 639 1450 in
664 1408 715 1458 me
740 1408 788 1450 es:
804 1379 867 1450 ¹sed
890 1408 1017 1452 morare
1041 1391 1076 1452 et
1098 1387 1182 1452 male
1202 1385 1273 1451 facia

150 1494 239 1559 Bene
263 1493 428 1580 promittis
452 1493 556 1557 multa
579 1514 617 1556 ex
632 1492 759 1556 multis:
784 1492 893 1557 omnia
906 1493 1071 1559 incassum
1085 1493 1207 1560 cadmo
1233 1509 1273 1558 reo

148 1598 301 1665 Lssierare
325 1601 475 1665 iurauisti
498 1622 549 1664 me
568 1599 653 1664 haud
678 1598 787 1682 semel,
811 1600 866 1663 sed
889 1599 1047 1664 centiens:

149 1758 194 1812 uel
213 1759 232 1811 d
251 1758 494 1823 antecedentibus,
518 1756 630 1810 mutant
653 1753 718 1809 oin
738 1754 781 1808 ‘i'
803 1758 833 1809 et
855 1759 973 1826 accepta
998 1756 1064 1811 ‘nie’
1089 1756 1195 1811 faciunt
1208 1773 1274 1826 gene·

149 1837 249 1904 tinum,
268 1840 300 1891 ut
318 1836 453 1903 alcedo,
472 1835 615 1891 alcedinis.
654 1835 770 1889 Plautus
788 1836 818 1889 in
837 1836 975 1891 Poenulo:
996 1837 1111 1906 ‘quam
1126 1878 1133 1890 .
1148 1878 1155 1891 .
1170 1879 1176 1891 .
1190 1837 1275 1900 suos',

149 1918 221 1971 unde
245 1934 298 1971 suo
320 1918 413 1971 bausit
438 1918 574 1971 Ochernus
594 1933 624 1985 p.
644 1922 688 1972 10.
738 1915 849 1970 Glossae
876 1934 946 1986 quoe
968 1917 1006 1970 od
1029 1915 1151 1971 alcedo
1175 1922 1275 1986 apem

150 1999 245 2051 attulit
264 1997 389 2052 Loeaiue
405 1997 506 2052 Prodr.
521 2014 551 2066 p.
571 2003 639 2063 272,
658 1999 706 2067 qui
725 1999 762 2053 od
780 1999 853 2052 huno
868 1996 967 2050 Plauti
982 2012 1088 2050 casam
1102 1996 1275 2063 ebidemrcl‘erl

150 2076 254 2131 Isidori
279 2076 354 2146 Orio.
383 2077 456 2131 XII
471 2082 499 2144 7,
517 2083 557 2132 28
581 2079 660 2131 hooc:
687 2078 808 2147 halcyon
832 2077 925 2146 pelagi
953 2077 1076 2131 uolucris
1100 2077 1187 2143 dicta,
1211 2075 1276 2144 queri

152 2171 287 2223 oceanea,
311 2172 344 2210 eo
368 2157 443 2224 quod
466 2156 494 2209 in
514 2155 607 2211 hieme
625 2157 654 2210 in
675 2156 784 2227 stagnis
803 2155 908 2211 Oceani
931 2155 1012 2210 nidos
1040 2156 1111 2210 facit
1127 2155 1276 2231 pullosque

150 2237 278 2291 educite
299 2255 354 2305 qua
372 2237 527 2291 excubante
543 2237 631 2291 fertur
650 2240 763 2291 extento
778 2254 898 2306 aequore
911 2235 1029 2306 pelagus
1044 2236 1190 2290 silentibus
1203 2234 1277 2289 uentis

150 2318 284 2371 continua
303 2319 411 2386 septem
430 2317 536 2370 dierum
557 2316 765 2386 tranquillitate
780 2318 926 2372 mitescere
940 2316 1043 2371 eteius
1058 2317 1163 2371 fetibus
1176 2315 1276 2370 edoceo

151 2398 193 2451 dis
217 2396 382 2464 obsequium
411 2396 474 2465 ipsa
500 2399 602 2450 notura
630 2415 720 2451 rerum
745 2398 886 2467 praebere.
931 2397 1036 2451 Eodem
1063 2403 1166 2465 spectet
1190 2395 1279 2450 Fronlo

148 2495 179 2546 p.
198 2477 314 2532 225hl:
338 2494 413 2530 mare
437 2477 527 2545 ipsum
547 2475 638 2542 aiunt,
662 2476 711 2530 ubi
731 2477 878 2531 alcedonia
896 2476 965 2542 sint,
989 2474 1050 2529 fieri
1068 2476 1206 2530 feriatum.
1244 2474 1278 2526 Au

151 2557 271 2610 alcedo
300 2573 363 2609 cum
392 2555 504 2625 pullis
532 2555 589 2609 suis
613 2555 764 2623 tranquillo
789 2557 846 2610 otio
871 2556 981 2624 dignior
1004 2560 1048 2610 est
1071 2573 1157 2624 quam
1180 2562 1209 2609 tu
1230 2573 1278 2608 curu

151 2635 207 2689 tuis
227 2634 341 2689 liberis?
423 2640 483 2689 357.
502 2635 614 2689 Nonius
627 2653 658 2704 p.
681 2641 745 2700 104,
765 2642 795 2690 7:
815 2635 1016 2705 expalpare‚
1035 2634 1146 2690 elicere.
1183 2634 1280 2689 Plautus

152 2715 288 2769 Poenulo:
310 2714 408 2781 ‘quid
423 2756 429 2766 .
446 2756 451 2768 .
469 2757 473 2768 .
490 2714 651 2784 expalpa'

224 2863 284 2910 357.
305 2858 352 2911 Sic
366 2860 402 2919 A,
421 2859 477 2910 arisi
495 2858 567 2926 qood
586 2870 688 2922 exous
708 2863 732 2911 et
751 2871 870 2923 ssouno
947 2856 1080 2927 Milphio]
1094 2863 1166 2926 spot.
1182 2855 1233 2911 CD

153 2937 250 3008 Ager]
261 2943 330 3006 apat.
341 2936 430 2990 1301)
493 2937 596 2989 xoraB
660 2935 746 3005 palpa
758 2939 791 2991 Δ,
811 2935 931 3005 expalpa
940 2939 1039 3007 reliqui
1048 2954 1111 2991 mini
1121 2937 1222 3003 dianio,
1239 2952 1281 3004 ouo

152 3020 290 3087 scriptura
309 3019 416 3074 adscita
434 3019 549 3084 tortuose
564 3018 663 3083 Exere,
683 3016 851 3084 exbiandire‚
871 3018 991 3086 expalpu
1006 3019 1179 3073 scribendum
1194 3019 1240 3071 crit

152 3096 282 3168 Milphio]
299 3114 349 3150 oris.
361 3096 417 3149 BG
421 3097 449 3150 D
463 3098 521 3150 sine
530 3100 629 3165 sputiis
693 3102 751 3150 358.
763 3100 895 3158 sarrinia.
906 3099 1282 3167 prob.D)U1nfislsu'e:truouh-

152 3178 698 3243 norismuusouunmspuemsonsmA
736 3176 889 3231 uidesisB.
905 3176 1045 3231 uidesisD
1084 3183 1284 3234 metueratoren

154 3257 182 3310 0.
203 3276 236 3311 oe
251 3259 421 3311 tuoratorem
438 3258 467 3310 D
539 3257 640 3327 pugnis
655 3259 750 3325 pectas
767 3255 941 3311 Gonrerorius
955 3276 1015 3311 curn
1030 3259 1064 3312 Α.
1086 3261 1176 3328 pugni
1192 3264 1285 3327 specus

151 3338 178 3390 B
186 3337 209 3391 O
217 3342 248 3406 (g
258 3355 291 3391 ex
301 3342 330 3404 n)
342 3338 378 3390 l).
390 3336 491 3407 pugnis
502 3339 609 3407 plectas
620 3336 650 3388 F
654 3337 680 3388 Z
715 3341 774 3389 359.
787 3337 883 3406 Agonl
895 3354 944 3391 om.
953 3336 976 3390 C
980 3338 1009 3390 D
1018 3340 1049 3391 in
1056 3341 1201 3407 principio
1210 3352 1286 3391 ruem

207 3418 956 3485 uourucrnussssuounposueruutcesseruniouuuul'eel
970 3418 1244 3470 eunusmsucrsrl

152 3495 283 3567 Adelph]
302 3504 372 3566 spot.
393 3496 483 3551 1301)
578 3495 640 3549 Non
660 3512 762 3562 aequos
781 3493 810 3548 in
830 3513 874 3548 me
894 3512 935 3548 es:
956 3498 1005 3550 sed
1025 3497 1190 3566 Spenqeliue
1207 3497 1286 3549 Plan.

151 3595 178 3644 p.
199 3583 233 3630 14
252 3596 313 3630 eura
331 3578 365 3630 A.
388 3595 441 3631 non
462 3577 574 3629 aeonius
593 3576 621 3628 in
640 3594 685 3629 me
706 3578 780 3628 esset
798 3576 867 3629 BD.
892 3593 947 3629 non
968 3592 1000 3629 ue
1021 3576 1099 3629 cuius
1120 3575 1150 3629 in
1170 3593 1213 3629 me
1230 3578 1287 3629 esset

154 3657 181 3709 0,
216 3675 310 3710 carnus
329 3675 402 3711 nunc
421 3656 506 3710 etium
527 3657 587 3709 1⁸7.
664 3657 720 3709 Nos
741 3672 844 3722 eamus,
862 3673 935 3708 nunc
954 3655 1038 3709 etiam
1060 3672 1182 3709 morare.
1217 3656 1288 3724 Ager.

152 3736 226 3789 Male
245 3736 315 3788 fucit
330 3735 505 3790 Cunrerorieee
523 3743 548 3790 et
565 3738 605 3789 aie
620 3738 830 3804 interponemus:
845 3752 948 3789 carnus.
978 3753 1051 3788 nuno
1070 3735 1159 3789 etiam
1180 3739 1289 3789 morare?

152 3818 312 3870 hambiaca.
360 3817 417 3869 Nos
446 3833 541 3869 eamus
572 3832 652 3869 nunc.
694 3815 779 3868 etiam
809 3821 936 3868 morare?
971 3812 1119 3867 malefacis
1150 3814 1289 3867 Acidaliae

151 3896 209 3949 Mil.
234 3896 315 3949 Non?
352 3897 466 3963 aequius
491 3897 520 3948 in
543 3912 587 3948 me
612 3898 656 3951 sit.
696 3900 778 3963 Agor.
799 3911 914 3951 morare.
953 3892 1073 3963 Adelph.
1094 3892 1118 3959 i,
1143 3893 1289 3948 malefacis

152 3977 275 4029 Bollu'us.
314 3975 440 4044 Milphio.
466 3977 528 4028 Non
548 3993 667 4044 aequom
688 3977 716 4029 in
737 3994 779 4029 me
800 3979 884 4030 esset:
908 3978 936 4029 te
963 3990 1073 4028 morare
1093 3978 1124 4028 et
1143 3973 1217 4028 male
1233 3973 1287 4026 facis

154 4052 305 4121 Gepperluo
346 4056 490 4108 malefacis
502 4057 525 4108 Ο
565 4063 624 4110 360.
637 4060 743 4127 Adelph
760 4075 832 4126 pers,
841 4073 944 4125 praelo.
954 4054 1018 4107 FZ:
1032 4071 1084 4108 om.
1097 4055 1228 4123 Pyladea,
1237 4053 1286 4107 ecl·

152 4132 244 4186 (lolius
287 4134 379 4199 Sicu,
398 4137 456 4188 crisi
474 4137 546 4203 qood
564 4151 840 4205 exeussuuronouuu
912 4133 1089 4189 ermuli—isc
1164 4134 1286 4188 multeex

153 4212 259 4267 multis:
285 4216 380 4268 omnia
400 4217 425 4267 Ζ
446 4234 506 4268 curn
529 4218 696 4286 pedisequis,
721 4219 935 4285 Jr'ompmonnas
957 4216 990 4268 do
1009 4214 1071 4268 EX
1088 4233 1189 4285 praep.
1210 4233 1237 4283 p.
1253 4216 1286 4265 el.
1315 4249 1321 4254 -

153 4291 251 4358 mulla,
271 4311 304 4346 ex
324 4295 421 4347 mullis
441 4296 536 4349 omnia
557 4296 720 4350 Gulielmius
741 4302 849 4366 (luceat.
869 4313 890 4348 c.
907 4300 932 4358 1,
951 4294 1095 4348 Berrtleius
1178 4302 1236 4348 361.
1251 4291 1286 4344 Sic

151 4372 187 4435 A,
206 4374 263 4425 elisi
281 4376 352 4440 quod
363 4392 434 4441 pere.
449 4383 518 4443 spol.
535 4383 598 4430 orric
613 4389 668 4429 siro
742 4377 885 4430 Liberaret
901 4374 956 4428 01)
1032 4375 1096 4428 iura
1111 4375 1156 4429 uis
1171 4380 1199 4428 te
1213 4369 1284 4427 ech

223 4452 270 4504 sed
291 4453 415 4507 centiens
436 4456 612 4511 Uorircmriua
631 4474 691 4511 culn
711 4460 746 4512 A.
776 4456 875 4510 sedent
893 4453 952 4509 lens
970 4453 1007 4507 B.
1036 4454 1085 4507 sed
1106 4455 1219 4509 deciens
1236 4450 1282 4505 CD-
