2910 5528
10 39 1016 317 u

533 704 740 759 PRAEFATIO
1113 705 1204 759 XXIII

56 869 159 935 modo
188 869 328 954 paginas
355 867 525 952 quasdam:
553 867 648 932 facile
677 867 820 931 inveniet
846 866 932 931 haud
955 888 1030 932 raro
1053 889 1203 932 versuum

58 974 223 1060 principia
252 975 304 1039 vel
333 975 438 1038 exitus
466 973 551 1036 demi
580 994 675 1056 posse
704 973 794 1037 salva
821 974 981 1037 sententia
1009 996 1081 1038 oum
1111 973 1206 1037 metri

60 1081 197 1145 damno:
221 1080 370 1145 velutin
393 1080 548 1163 proximis
572 1082 609 1143 ut
633 1101 683 1143 me
707 1080 897 1162 contineam,
921 1081 948 1143 si
972 1102 1000 1144 v.
1019 1080 1087 1144 29a
1109 1080 1205 1145 Basi-

61 1188 129 1270 lice,
152 1209 180 1251 v.
199 1187 267 1251 291>
295 1185 379 1266 Quid
399 1188 473 1267 ium,
498 1209 525 1250 v.
545 1187 611 1251 32a
637 1185 704 1250 Vob
723 1187 796 1270 ium,
819 1208 847 1250 v.
867 1187 934 1250 32b
952 1186 1014 1251 Seu
1029 1186 1092 1268 boc,
1115 1210 1144 1250 v.
1163 1187 1205 1252 36

68 1293 111 1358 Vt
132 1291 224 1375 mihi,
252 1315 280 1357 v.
299 1293 343 1356 40
366 1293 535 1374 Imprudens
562 1292 705 1356 abscissa
729 1295 837 1356 essent
860 1292 1024 1376 multaque
1047 1292 1205 1358 eiusmodi

65 1435 104 1444 -
125 1398 273 1483 quisnam
288 1419 325 1462 ex
341 1397 421 1482 ipsis
436 1398 543 1462 verbis
559 1398 597 1461 de
612 1399 798 1482 integritate
813 1398 1048 1463 dubitationem
1063 1401 1207 1462 moveret

64 1504 275 1589 graviorem?
312 1502 374 1569 Sed
397 1508 565 1588 praeterea
587 1525 652 1567 non
677 1504 772 1568 modo
797 1509 1050 1568 consentaneum
1069 1510 1127 1587 est,
1151 1504 1206 1569 sed

63 1611 166 1675 etiam
187 1611 401 1675 demonstrari
419 1613 527 1694 potest
542 1610 860 1693 demonstratumque
875 1614 925 1674 ast
938 1610 1097 1674 interdum
1112 1610 1207 1674 libra-

63 1717 134 1781 rios
162 1716 265 1801 ipsos,
292 1717 347 1782 nbi
374 1716 470 1781 facile
498 1716 568 1780 fieri
596 1719 734 1799 poterat,
763 1715 880 1781 litteris
910 1715 1046 1798 syllabis
1075 1716 1207 1780 vocibus

63 1822 261 1906 quibusdam
286 1822 444 1906 suppletis
470 1822 588 1887 damna
611 1822 705 1886 buius
730 1821 857 1905 generis
881 1826 937 1886 aut
959 1842 1127 1905 reparasse
1150 1826 1208 1886 aut

60 1930 266 1994 obscurasse.

157 2033 218 2100 Sed
252 2034 334 2099 idem
365 2034 479 2100 folium
513 2035 612 2099 etiam
642 2038 737 2098 antea
764 2033 814 2098 bis
843 2034 1044 2117 perforatum
1073 2038 1143 2098 erat
1172 2034 1204 2097 in

61 2139 256 2224 archetypo.
302 2140 387 2205 Nam
416 2164 444 2206 v.
463 2142 504 2205 47
534 2163 593 2225 pro
622 2143 687 2205 ium
714 2137 763 2226 (ut
788 2137 883 2225 scius)
910 2140 1113 2204 scribendum
1137 2161 1207 2202 esse

58 2247 185 2328 sociam
207 2247 371 2312 sententia
398 2247 505 2331 docet,
534 2270 605 2312 eum
630 2269 741 2311 versus
765 2246 852 2311 ultro
877 2252 903 2310 tc
926 2246 1139 2320 antefactum
1163 2267 1209 2308 re

61 2352 189 2438 quirat:
217 2353 359 2438 itemque
387 2354 552 2437 proximus
580 2375 690 2418 versus
718 2354 765 2417 ita
793 2353 935 2437 laborat,
963 2357 999 2416 ut
1027 2352 1208 2416 necessario

63 2460 137 2523 fere
161 2460 202 2524 ab
226 2458 321 2524 initio
344 2463 413 2524 tam
437 2482 550 2525 versus
572 2482 670 2545 quam
693 2461 850 2524 sermonis
874 2459 983 2543 gratia
1006 2458 1122 2522 lacuna
1145 2462 1209 2522 sta·

64 2566 191 2631 tuenda
217 2565 328 2647 luerit,
355 2589 396 2631 ne
425 2566 598 2631 violentius
626 2589 697 2630 cum
727 2566 800 2630 aliis
832 2567 940 2629 omnia
969 2565 1208 2648 perturbemus:

64 2676 168 2756 atque
189 2671 248 2737 boo
269 2693 395 2757 qnoque
414 2673 485 2737 loco
500 2672 573 2737 BD
592 2674 698 2757 spatio
719 2677 793 2736 ante
812 2692 926 2736 reseoro
940 2672 1052 2735 relicto
1072 2669 1209 2734 fortasse

64 2777 242 2862 vestigium
261 2779 394 2843 lacunae
413 2779 564 2862 produnt,
584 2778 638 2842 sed
659 2780 764 2842 minus
785 2781 933 2842 accurate
953 2777 1108 2861 signatae.
1141 2776 1208 2839 Iam

64 2906 147 2949 vero
173 2907 250 2948 num
281 2886 368 2949 casui
397 2885 535 2968 tribues,
563 2885 646 2967 quod
676 2886 730 2969 qui
759 2884 893 2947 totidem
917 2883 1064 2948 versibus
1089 2880 1209 2967 (tribue

65 3013 105 3055 ex
121 2989 301 3072 Ritsohelii,
321 2996 475 3075 quattuor
494 3013 532 3054 ex
550 2995 663 3056 nostra
682 2987 906 3075 discriptione)
928 3012 946 3053 a
965 2989 1072 3073 priore
1092 2989 1208 3052 lacuna

65 3097 251 3182 seiungitur
278 3120 308 3160 v.
327 3098 368 3161 29
399 3097 557 3162 similibus
586 3097 799 3161 incommodis
827 3095 977 3160 laborat?
1023 3094 1087 3159 Vbi
1111 3094 1210 3158 verba

65 3204 208 3268 Basilice
225 3205 307 3286 opitu
325 3204 488 3269 eleutherio
509 3203 640 3288 (quibus
660 3204 766 3268 verbis
785 3205 817 3268 in
832 3205 865 3267 A
884 3203 1076 3267 terminatur
1089 3202 1210 3286 pagina

66 3310 228 3393 proximis
257 3308 402 3395 amissis)
430 3310 572 3374 dimetiri
601 3315 685 3374 recte
714 3332 808 3374 nemo
839 3311 945 3392 potuit
970 3346 1010 3354 -·
1034 3330 1109 3371 nam
1133 3330 1209 3370 ana·

68 3417 175 3500 paesti
203 3416 258 3500 qui
287 3416 348 3480 hoo
377 3438 504 3500 quoque
527 3417 598 3481 loco
622 3417 773 3481 ultimum
798 3417 959 3499 refugium
983 3416 1212 3499 praebuerunt,

68 3522 238 3586 Klotziani
263 3526 352 3605 sunt,
374 3544 438 3585 non
465 3521 605 3585 Plautini
632 3559 682 3599 -‚
711 3523 843 3585 mutatis
868 3528 975 3587 autem
1001 3522 1105 3585 verbis
1130 3521 1210 3604 ipsis

67 3628 218 3721 homines
247 3628 332 3693 docti
361 3629 426 3692 vim
455 3626 600 3691 fecerunt
623 3649 687 3691 non
712 3626 867 3710 librariis,
897 3627 950 3691 sed
975 3628 1118 3711 linguae:
1146 3627 1210 3689 iam

69 3738 147 3818 poat
169 3733 334 3799 eleutheria
358 3735 385 3797 si
405 3733 592 3798 trochaeum
617 3733 770 3797 adieceris
795 3756 814 3796 a
833 3734 937 3798 vocali
956 3729 1212 3815 incipientem*),

70 3840 301 3905 convenienter
335 3840 381 3903 illi
413 3840 548 3903 lacunae
579 3862 675 3922 qnam
706 3844 731 3903 te
757 3840 811 3918 foc
838 3839 974 3922 syllabis
1003 3838 1212 3919 explevimus,

69 3944 208 4009 habebis
238 3965 320 4028 quae
348 3948 415 4007 tem
445 3944 552 4008 verbis
582 3966 679 4026 quam
707 3949 810 4007 metro
842 3943 1055 4026 pulcherrime
1083 3963 1211 4023 respon-

68 4050 169 4116 deant
197 4049 357 4114 versiculo
386 4050 426 4113 31
453 4049 595 4114 Basilico
622 4051 768 4131 acceptare
796 4051 859 4113 uict
878 4095 888 4112 „
935 4049 1004 4112 lam
1031 4068 1108 4110 sane
1132 4066 1212 4126 qnae

67 4186 284 4195 ——-.-..—...

161 4249 187 4316 *)
206 4251 247 4304 De
277 4250 354 4303 bodie
383 4249 511 4302 addendo
540 4249 740 4318 cogitaveram,
770 4249 818 4301 ubi
845 4264 927 4315 usquc
955 4247 1047 4314 potius
1076 4245 1212 4312 quadrare

70 4329 225 4399 Seyffertus
245 4327 357 4382 monuit
377 4330 490 4397 propter
510 4329 595 4382 verba
613 4331 680 4397 quia
698 4346 760 4382 eruo
774 4330 919 4396 percuriat:
939 4325 994 4379 iam
1014 4324 1101 4394 igitur
1115 4330 1213 4393 epomet

65 4408 205 4466 substitui
228 4409 258 4462 in
281 4405 464 4462 adnotatione
487 4409 587 4476 (possis
607 4408 692 4462 etiam
711 4408 787 4475 opud
805 4411 872 4473 uos).
911 4404 964 4458 Sed
984 4404 1096 4459 omnino
1116 4421 1213 4473 parum

65 4491 171 4556 refert,
191 4488 260 4558 quid
279 4486 420 4552 ludamus,
440 4504 501 4540 oum
521 4486 634 4539 maioris
654 4485 788 4539 momenti
807 4484 843 4538 sit
861 4483 998 4537 iudicium
1017 4485 1051 4538 de
1071 4485 1135 4538 sede
1155 4500 1213 4537 cor-

64 4568 199 4640 ruptelae
223 4566 392 4622 stabilitum:
423 4584 477 4620 non
502 4567 585 4619 modo
611 4569 724 4633 propter
747 4564 870 4632 singulos
893 4563 982 4630 locos,
1007 4581 1101 4617 verum
1128 4562 1213 4617 etiam

62 4651 188 4723 propter
207 4651 298 4701 artem
318 4650 418 4714 poetae
432 4649 507 4700 recte
522 4645 733 4698 aestimandam.
762 4644 936 4711 Quamquam
950 4642 1033 4697 bodie
1047 4642 1129 4697 mulli
1144 4642 1214 4696 nibil

62 4729 218 4796 antiquius
238 4727 352 4793 habent,
374 4742 458 4794 quam
477 4727 510 4778 ut
527 4724 660 4777 librorum
679 4725 841 4776 memoriam
861 4721 986 4777 artificiis
1006 4722 1216 4791 cuiusquemodi

60 4811 199 4876 servent,
219 4805 311 4876 ignari
330 4805 439 4860 scilicet
457 4822 528 4872 quae
547 4802 692 4871 qualisque
712 4804 749 4857 sit
767 4803 817 4856 illa
837 4803 1002 4858 ‘memoria'.
