2910 5528
111 826 115 834 .
181 798 289 867 ΜΗ
527 793 633 850 MILES
653 790 853 850 GLORIOSVS
1198 793 1260 859 157

109 1934 116 1955 ι

109 1962 114 2003 i

109 2012 114 2075 i

179 962 340 1029 Disiuulsbo
372 962 432 1027 hos
463 961 556 1047 quisi
586 983 651 1026 uon
684 961 808 1045 uideam
825 962 942 1046 ‚neque
971 982 1041 1027 esse
1067 959 1121 1026 hie
1149 960 1261 1026 etiam·

756 1069 831 1133 dum
856 1068 964 1134 scium.
994 1108 995 1111 =

338 1264 340 1271 y
556 1192 818 1246 Pmoosoumlcss

174 1283 236 1350 Tiso:
252 1286 528 1367 subauscultimuq
551 1283 665 1369 ecquid
688 1283 727 1347 de
750 1306 800 1348 me
825 1285 883 1348 fiat
905 1283 1035 1349 mentio.

586 1406 792 1459 Mmsumffes

170 1494 282 1583 Numquis
313 1501 366 1565 hic
398 1521 497 1585 prope
530 1498 621 1563 adest
654 1495 712 1582 qui
746 1519 813 1561 rem
852 1497 989 1562 alienum
1026 1497 1135 1582 potius
1172 1502 1262 1563 curet

754 1605 848 1690 quim
873 1604 986 1668 susm?

167 1709 204 1785 ui
221 1718 341 1798 aucupet
364 1735 415 1778 me
440 1710 515 1797 quid
540 1711 658 1796 egem?
683 1711 795 1795 quide
819 1711 944 1796 ue'speri
968 1712 1059 1776 uiuit
1082 1711 1162 1776 suo?
1207 1726 1259 1776 995

109 1845 115 1927 p
165 1815 283 1885 suum
295 1820 445 1885 homines
461 1822 569 1884 me'tuo
588 1841 628 1883 ue
647 1819 756 1883 obsint
775 1815 865 1901 mssii,
883 1838 964 1882 neue
979 1820 1110 1901 opstent
1123 1817 1261 1903 uspiam,

164 1921 210 1988 iie'u
230 1950 288 2010 crs,
321 1927 437 2011 quoius
472 1927 606 2010 propter
636 1946 777 1989 amorem
814 1925 869 1988 eor
904 1945 988 1986 nunc
1019 1925 1156 1989 miserae
1186 1926 1258 1988 eou-

753 2030 873 2114 tremit,
1193 2028 1260 2096 suob

161 2133 231 2204 Diuo
259 2142 285 2204 si
316 2141 390 2222 ibit,
418 2141 502 2206 clem
531 2145 568 2204 ut
601 2139 663 2204 huc
686 2138 876 2220 trausbitat,
904 2159 985 2222 quse
1008 2137 1105 2202 huius
1128 2138 1260 2222 cupiens

757 2245 924 2330 corporist,

176 2336 326 2347 -Q—

109 2388 112 2413 ²
159 2397 287 2459 secessu.
307 2406 403 2460 Iamne
423 2405 542 2475 Pylades
616 2403 676 2458 edis
693 2403 749 2458 OF
820 2400 910 2456 circus
925 2402 1025 2473 Ι1301).
1054 2402 1146 2456 hircus
1161 2401 1222 2455 ΡΖ
1233 2408 1258 2457 et

161 2478 295 2540 ‘Vaticanus‘
315 2484 411 2554 Ias'psii
425 2487 492 2540 Aut.
512 2485 568 2540 lect.
587 2483 611 2536 V
627 2487 670 2538 15.
703 2482 807 2536 circuit
825 2482 945 2537 Brixius
962 2484 994 2536 iu
1012 2485 1051 2538 ecl.
1125 2483 1173 2536 ubi
1193 2488 1258 2536 suut

158 2557 194 2614 ludi
207 2563 314 2618 faciendi
334 2566 518 2619 Camerarius.
558 2564 608 2619 ubi
626 2568 690 2619 suut
709 2561 870 2638 ludificandi
894 2562 985 2616 BOD
1012 2565 1080 2630 (uisi
1104 2566 1175 2632 quod
1195 2563 1258 2618 nbis·

157 2635 189 2705 N,
202 2644 236 2697 ubi
252 2649 264 2699 i
283 2646 347 2713 D³).
385 2644 432 2698 ubi
451 2648 496 2698 est
519 2643 705 2698 ludificandos
727 2643 793 2698 Fu.
822 2642 871 2710 qui
890 2644 905 2696 e
926 2643 1109 2697 ludificundus
1127 2645 1197 2698 idem
1215 2645 1262 2698 ilie

158 2718 402 2794 'Vuiunu’Lipsii
475 2730 534 2778 992.
554 2724 637 2778 Nihil
650 2726 682 2778 iu
696 2725 723 2778 A
741 2725 874 2792 apperuit
945 2724 1127 2777 Adsimulcbo
1144 2725 1261 2778 Botiiius

213 2805 254 2860 hos
271 2823 284 2859 e
301 2822 353 2859 uos
372 2821 442 2859 corr.
462 2803 497 2859 B.
533 2804 586 2858 hoc
608 2803 745 2876 Guyetus,
771 2804 952 2858 Grouooiouo
1043 2803 1214 2857 etiamdum
1232 2804 1260 2856 B

212 2891 262 2939 993,
286 2885 367 2938 Nihil
392 2885 527 2952 apparuit
550 2884 581 2936 iu
607 2884 634 2937 A
734 2884 785 2937 sub
813 2884 1001 2938 auscultemus
1029 2884 1057 2937 B
1160 2884 1260 2952 ecquid

156 2958 177 3011 de
194 2980 225 3018 ue
250 2966 432 3020 Camerarius.
462 2964 513 3035 hec
541 2962 608 3031 quid
633 2964 712 3017 deme
737 2963 772 3016 B.
802 2980 832 3016 eu
862 2963 908 3031 qui
933 2964 967 3016 de
994 2980 1037 3015 me
1063 2964 1091 3018 0.
1121 2964 1202 3032 ecqui
1225 2964 1260 3018 de

156 3053 183 3093 ms
198 3045 252 3112 DZ,
269 3046 443 3100 Ritsetelius.
481 3043 610 3111 equidem
636 3062 680 3097 me
707 3043 742 3097 F.
772 3060 860 3110 ecquo
884 3045 917 3095 de
946 3061 989 3095 me
1009 3044 1079 3097 Pius
1160 3049 1220 3096 994.
1239 3059 1259 3096 u

154 3129 248 3189 upum
274 3128 309 3181 ob
338 3127 435 3189 initio,
458 3126 539 3178 etiam
566 3139 584 3187 Q
607 3124 758 3193 (quirem)
782 3140 832 3177 suo
858 3124 914 3177 ioco
934 3124 1041 3176 Loewr'o
1122 3124 1260 3191 Numquis

154 3195 183 3253 bis
201 3222 275 3275 prope
302 3207 383 3260 adest
408 3204 539 3270 Neuius,
560 3204 685 3257 Bricius.
721 3203 793 3256 Num
819 3205 880 3271 quis
905 3220 970 3256 num
998 3203 1043 3256 hic
1069 3220 1156 3272 prope
1180 3205 1261 3256 adest

155 3275 223 3337 GDN
245 3294 283 3354 et,
313 3286 382 3353 (uisi
404 3285 477 3353 quod
500 3283 580 3336 Nune
601 3299 653 3350 pro
683 3283 769 3350 Num)
798 3285 829 3338 Z.
868 3282 942 3335 Num
967 3282 1068 3349 quisuis
1093 3284 1139 3338 hic
1157 3289 1262 3357 ppcrut

155 3359 199 3417 iB.
222 3365 341 3434 Numqui
366 3365 413 3418 hic
440 3378 527 3434 propo
556 3363 636 3417 adest
660 3362 742 3427 (uisi
767 3364 815 3431 qui
834 3362 958 3430 Numqui
986 3364 1031 3415 hic
1057 3379 1143 3432 prope
1168 3371 1261 3416 namsi

153 3443 266 3512 suum’)
294 3446 468 3499 Ritscteiius.
505 3442 644 3510 Numquis
672 3443 718 3497 hic
744 3443 824 3495 adest
852 3443 973 3512 Gupetus
1076 3448 1134 3497 995.
1163 3457 1260 3505 oumu

153 3522 318 3584 toumscsu
328 3527 356 3579 A
373 3530 435 3579 teste
449 3524 565 3589 Loewio,
584 3523 1066 3591 quiueummiusou1mcsu
1087 3529 1148 3576 teste
1162 3523 1261 3577 Stude-

153 3604 221 3658 'ttsdo
238 3608 294 3670 (cui
312 3609 434 3673 spatium
453 3605 490 3657 ud
509 3616 643 3656 nucum}
663 3602 769 3656 litteras
787 3604 870 3657 uimis
889 3610 1035 3673 anqustum
1053 3605 1173 3669 videtur)

153 3689 180 3730 me
194 3684 248 3749 quid
265 3701 364 3754 egum,
384 3682 485 3752 quide
506 3683 688 3736 Camerarius.
707 3699 752 3735 me
772 3683 838 3750 quid
858 3684 930 3751 aquei
949 3682 1033 3750 quide
1053 3682 1089 3735 B.
1126 3699 1170 3736 me
1189 3681 1261 3749 quit-

154 3760 272 3830 quiquid&
293 3765 322 3818 C.
358 3779 402 3816 me
427 3761 562 3830 quiuiqusi
588 3763 698 3829 quidem
720 3763 756 3815 1).
785 3777 829 3814 me
848 3763 950 3830 quique
970 3763 1080 3829 quidem
1097 3762 1134 3816 F.
1159 3761 1260 3829 quique

154 3839 208 3901 quidp
222 3845 250 3899 Z.
286 3861 332 3897 me
351 3843 418 3911 quid
438 3859 521 3910 egum
542 3858 631 3910 neque
650 3842 685 3895 de
709 3842 853 3910 Useiupius
944 3842 1033 3913 uiuat]
1054 3842 1082 3894 iu
1101 3843 1142 3895 iet
1163 3843 1190 3894 B

153 3917 200 3972 ⁹⁹6⁸.
215 3925 509 3994 eos(uu)scuou1uss
528 3921 634 3976 Ateste
654 3922 776 3977 Loeuio:
794 3923 893 3991 quibus
910 3924 990 3976 addit
1007 3937 1060 3977 ssu
1081 3923 1217 3988 (rtubtum)
1237 3927 1261 3975 et

154 4031 172 4082 91
183 4037 220 4100 ius
237 4054 256 4093 Δ
273 4043 316 4096 oet
331 4042 349 4095 A
366 4039 570 4092 Studemuudus
623 4004 786 4091 hominisO
838 4054 872 4091 ue
892 4037 985 4091 obsint
1004 4036 1073 4089 miui
1089 4037 1261 4103 Ritschclius,

154 4108 246 4184 uisu.
275 4120 343 4174 mim
362 4135 397 4173 ne
417 4117 511 4173 obsint
525 4117 684 4173 eopse
751 4119 862 4171 ouum
876 4118 941 4172 Fr.
967 4119 1046 4171 oum
1062 4117 1124 4170 oo.
1154 4118 1219 4185 opu
1234 4118 1261 4168 u

210 4200 278 4254 9969.
299 4200 330 4255 V.
342 4201 395 4253 huc
409 4199 525 4252 inseruit
536 4197 685 4266 Septimus
700 4200 802 4269 Apopr.
820 4217 848 4267 p.
866 4199 926 4250 XX
931 4199 975 4251 Vl
978 4200 993 4249 J
996 4199 1022 4262 l,
1042 4214 1117 4264 quem
1133 4198 1163 4248 iu
1177 4197 1261 4248 solius

155 4272 281 4348 Asiaque
303 4282 443 4350 superiore
464 4296 536 4331 mou.
557 4295 655 4332 cooeva
673 4281 795 4344 scripsit:
815 4281 894 4332 cuius
916 4280 965 4331 hos
989 4279 1080 4329 elicuit
1100 4274 1260 4328 Stuctemuu·

155 4350 323 4428 dereliquisse:
337 4369 1057 4413 smssemussuouuuusuouuucouuuucu1ssuco
1067 4356 1119 4418 (cet
1133 4367 1147 4405 s
1159 4369 1212 4419 pro
1227 4367 1262 4405 co

155 4429 174 4482 ‘i
186 4437 238 4506 tu,
258 4443 297 4495 uel
316 4455 373 4494 Eoo
392 4439 434 4493 vel
452 4439 540 4493 simite
558 4440 704 4506 quidlibet:
724 4441 805 4492 init-io
821 4442 908 4506 potest
928 4451 967 4488 uu
986 4442 1048 4487 riute
1068 4449 1111 4487 uu
1130 4436 1262 4499 eui-titisse)

157 4512 182 4562 A:
194 4530 535 4586 ASTEACUIUSPO'PEIRAM,
554 4521 617 4573 driu
631 4533 777 4573 ouuuscu
794 4519 919 4571 Locutus
933 4517 1045 4585 squ-ur.-
1063 4532 1132 4583 quoe
1146 4516 1188 4568 uu‘
1206 4516 1263 4581 fue-

157 4592 232 4653 *suut
244 4602 411 4669 conformavi
465 4600 856 4668 997.o1epitLoewius,1›su
875 4604 898 4651 et
916 4614 965 4650 suo
984 4598 1041 4650 ioco
1059 4610 1099 4648 uu
1115 4602 1138 4649 et
1157 4597 1188 4648 iu
1198 4611 1263 4662 pro-

159 4672 236 4734 xuuv,
252 4696 305 4735 eos
319 4684 424 4736 incerto
445 4681 537 4734 omnio
553 4681 663 4733 tectione
677 4679 880 4734 Studemuudus
962 4677 1050 4730 Domo
1071 4677 1094 4728 si
1109 4674 1171 4742 ibit,
1190 4674 1263 4728 elem

160 4752 227 4833 uthuc
238 4762 390 4827 trunsbitct,
405 4778 476 4828 quus
491 4763 593 4830 scripsi
607 4762 774 4815 dubitanter.
803 4757 963 4812 Domosibit
977 4774 1009 4810 uc
1025 4758 1090 4809 dum
1104 4756 1160 4808 huc
1175 4757 1262 4808 treus-

161 4831 325 4915 ¹¹Jii²dq;(utq²
337 4842 379 4907 D)
389 4842 457 4895 BD.
484 4841 588 4896 Domus
606 4841 660 4896 ibit
675 4859 707 4896 ac
723 4842 788 4894 dum
804 4840 857 4892 huc
872 4839 1003 4892 transisit
1020 4842 1104 4906 utque
1117 4838 1145 4893 0.
1175 4839 1263 4891 Domo

163 4922 179 4958 ⁸1
189 4909 226 4968 uu
237 4934 263 4973 sc
275 4922 337 4976 dum
351 4923 406 4978 huc
419 4921 552 4975 transiuit
565 4924 649 4989 utque
661 4922 690 4974 F
696 4922 727 4976 Z.
752 4919 909 4982 Dominusi
923 4919 996 4971 elam
1014 4919 1096 4972 domo
1109 4919 1162 4972 huc
1178 4920 1266 4970 truns-
