2910 5528
135 39 1105 326 u

616 705 822 762 PRAEFATIO
1225 708 1288 762 XXI

142 869 202 952 qui
231 890 289 933 suo
320 869 389 933 iure
417 869 582 934 contendit
610 869 765 954 quaedam
793 890 874 954 quae
898 869 981 933 mira
1003 869 1097 935 nobis
1121 869 1289 934 videantur

144 976 237 1039 velut
251 975 449 1060 singularem
463 975 682 1040 condicionem
693 975 801 1040 Toxili
815 976 897 1039 servi
905 973 937 1062 ²¹²)
953 997 1026 1041 cum
1038 976 1178 1060 Paegnio
1189 999 1288 1061 puero

145 1103 208 1146 suo
231 1082 438 1165 parasitoque
459 1082 554 1146 facile
574 1081 719 1164 potuisse
738 1103 795 1166 per
815 1082 943 1166 prologi
963 1088 1189 1166 argumentum
1208 1083 1287 1147 dilu-

145 1187 259 1253 cidari.
309 1185 378 1252 Iam
411 1188 557 1271 quamvis
590 1210 668 1252 sano
702 1188 820 1252 iudicio
849 1187 1046 1253 Ritschelius
1075 1188 1288 1274 Goetziusque

144 1295 308 1359 senserint
335 1297 467 1378 etpost
492 1317 519 1357 v.
542 1295 604 1359 136
630 1293 787 1378 quaedam
810 1292 1025 1379 intercidisse,
1054 1294 1288 1380 quibus-Satu-

144 1402 271 1466 rionem
299 1400 432 1466 Toxilus
461 1401 500 1466 de
529 1401 604 1465 ludo
633 1423 690 1484 per
717 1402 817 1465 filiam
841 1401 1026 1485 peragendo
1049 1401 1228 1488 edocuerit,
1255 1409 1287 1468 et

143 1530 175 1572 r.
196 1507 262 1572 739
273 1529 341 1592 sqq.
365 1505 462 1571 nimis
487 1507 623 1592 abrupte
646 1529 714 1571 rem
740 1529 867 1571 omnem
891 1507 1045 1591 expediri,
1069 1511 1178 1573 tamen
1201 1514 1287 1576 utro·

146 1635 212 1697 que
235 1613 306 1678 loco
330 1613 499 1698 pauciores
520 1634 630 1677 versus
649 1612 826 1678 desiderari
844 1614 1034 1699 putaverim,
1057 1616 1167 1700 quales
1190 1616 1287 1681 etiam

142 1719 222 1784 aliis
259 1720 340 1783 locis
376 1740 434 1802 per
470 1719 678 1783 librariorum
715 1720 872 1784 incuriam
905 1719 1043 1785 amissos
1075 1743 1145 1786 esse
1181 1726 1214 1787 et
1247 1745 1286 1787 ex

141 1822 355 1890 Ambrosiani
388 1824 586 1889 testimoniis
621 1829 654 1889 et
683 1846 721 1890 ex
751 1826 931 1890 rationibus
962 1827 1041 1891 satis
1073 1828 1170 1893 certis
1204 1828 1288 1893 effici

143 1935 265 2016 potest
298 1931 381 1996 Vide
406 1931 503 1996 etiam
524 1930 711 2017 Langenum
731 1929 822 1996 Stud.
842 1931 947 1998 Plaut.
965 1955 996 2016 p.
1017 1935 1081 1999 180
1095 1957 1142 2019 sq.
1162 1937 1195 1998 et
1214 1935 1288 2016 335,

142 2039 202 2123 qui
231 2039 317 2104 clare
344 2038 383 2103 de
411 2038 655 2121 compositionis
679 2037 768 2102 vitiis
792 2039 951 2121 exposuit.
996 2040 1105 2125 Atque
1129 2040 1286 2125 quaedam

143 2145 353 2210 incommoda
371 2145 445 2209 inde
464 2145 567 2230 repeti
587 2148 733 2228 possunt,
754 2144 837 2227 quod
856 2148 954 2228 poeta
972 2145 1102 2210 brevius
1117 2167 1286 2230 argumen-

142 2256 231 2332 tum,
261 2250 346 2336 quod
374 2251 479 2315 erodii
502 2250 622 2315 rectius
645 2249 713 2314 vice
736 2249 940 2334 fungeretur,
967 2252 1007 2315 ad
1030 2252 1134 2316 iustae
1158 2251 1288 2316 fabulae

144 2357 310 2422 ambitum
333 2357 480 2439 dilatare,
503 2359 537 2421 in
561 2356 702 2441 quinque
726 2355 875 2420 diducere
899 2362 989 2421 actus
1009 2358 1128 2421 voluit:
1151 2357 1184 2421 id
1202 2358 1287 2443 quod

143 2464 245 2528 hodie
273 2485 400 2549 quoque
423 2463 508 2528 baud
531 2484 606 2527 raro
631 2462 748 2527 accidit
772 2462 1072 2548 comoediographis
1097 2465 1153 2548 qui
1177 2486 1288 2547 vespe·

142 2592 234 2653 rum,
262 2575 299 2635 ut
325 2571 429 2653 aiunt,
457 2571 585 2653 explere
615 2569 759 2651 student,
787 2569 936 2633 similiter
959 2592 996 2634 ac
1019 2571 1160 2654 pictores
1183 2573 1287 2635 nostri

143 2699 200 2741 res
230 2676 365 2759 pusillas
393 2697 449 2758 per
476 2676 561 2740 telae
591 2675 847 2759 magnitudinem
876 2675 915 2739 ad
944 2675 1153 2740 historiarum
1183 2679 1287 2762 gravi·

143 2787 251 2846 tatem
276 2773 444 2865 rerumque
469 2782 639 2847 veritatem
663 2782 870 2846 extendentes
894 2803 987 2847 verae
1012 2783 1075 2846 arti
1099 2784 1286 2867 plerumque

142 2889 301 2954 officiunt.

238 2993 301 3058 Sed
325 2994 363 3057 de
387 2993 543 3058 eiusmodi
566 2994 810 3078 quaestiouibus
833 3000 870 3058 ut
893 3002 1006 3079 suapte
1025 3001 1142 3059 natura
1161 3018 1286 3078 semper

144 3122 268 3183 anceps
291 3101 353 3164 erit
372 3100 523 3164 iudicium
543 3104 576 3163 et
593 3100 717 3163 lubrica
737 3101 939 3183 coniectatio,
963 3103 1008 3165 ita
1027 3103 1124 3185 paulo
1144 3102 1284 3166 firmiore

142 3230 203 3273 nos
228 3206 289 3270 niti
313 3228 408 3290 posse
431 3206 642 3270 fundamento
666 3210 745 3290 puto
769 3207 802 3270 in
826 3209 872 3271 eis
896 3208 1049 3272 lacunis
1069 3208 1286 3293 designandis,

142 3336 225 3397 quas
236 3334 303 3377 non
314 3311 498 3396 ‘iniquitate
513 3316 696 3396 temporum
712 3318 745 3377 et
758 3314 842 3378 hanc
857 3315 1033 3379 insecuto
1045 3315 1285 3379 διασκευαστοῦ

141 3418 295 3485 artificio'
316 3419 426 3483 fabula
447 3419 590 3501 subierit,
617 3419 672 3482 sed
697 3419 868 3504 iniquitate
892 3421 999 3504 potius
1024 3444 1150 3485 omnem
1176 3423 1203 3486 si
1223 3444 1286 3506 qua

142 3527 208 3591 fuit
228 3527 468 3590 διασκευαστοῦ
488 3526 752 3591 retractationem
772 3527 914 3611 itemque
934 3530 1220 3611 grammaticorum
1238 3553 1285 3594 ra·

141 3632 328 3697 censionem
352 3633 507 3695 insecuta.

232 3734 319 3801 Nam
348 3737 433 3820 quod
461 3738 499 3800 de
523 3738 670 3802 Rudente
698 3743 731 3802 et
755 3737 873 3803 Casina
900 3741 932 3802 in
962 3740 1075 3804 harum
1104 3742 1284 3807 fabularum

142 3844 340 3910 editionibus
366 3843 466 3928 deque
486 3844 559 3907 aliis
579 3845 698 3908 fabulis
714 3881 752 3890 —
770 3846 930 3929 imprimis
950 3847 988 3909 dc
1007 3846 1143 3929 Epidico
1162 3846 1285 3910 Poenu-

144 3950 240 4033 loque
260 3987 302 3994 —
323 3951 357 4012 in
384 3949 486 4013 Novis
509 3946 692 4014 Annalibus
717 3951 1045 4033 Heidelbergensibus
1065 3951 1096 4014 ll
1121 3950 1162 4036 (a.
1185 3950 1285 4035 1892)

141 4080 172 4140 p.
192 4057 326 4122 37-54
350 4057 483 4140 exposui
507 4057 545 4120 de
572 4056 737 4140 archetypi
756 4057 898 4120 Plautini
919 4058 1043 4119 fissuris
1063 4057 1285 4139 scissurisque,

232 4257 258 4326 *)
279 4256 408 4311 Ceterum
436 4256 522 4309 etiam
545 4257 574 4309 in
600 4273 633 4311 ea
657 4257 833 4326 depingenda
856 4256 891 4309 ad
915 4273 1005 4308 meras
1030 4271 1118 4324 nugas
1141 4255 1285 4309 descendit

141 4335 325 4406 Ijsendijlrius
339 4354 366 4405 p.
377 4340 420 4401 88,
436 4351 519 4403 quem
534 4337 579 4389 vel
594 4335 665 4389 illud
680 4336 802 4400 offendit,
819 4336 892 4403 quod
909 4333 1042 4389 ‘uicinum
1054 4335 1144 4388 suum’
1157 4333 1283 4389 Toxilum

137 4416 213 4470 dicit
236 4414 375 4469 Dordalus
404 4420 439 4483 (v.
460 4418 522 4483 400)
551 4418 580 4469 et
604 4418 676 4484 quod
706 4417 741 4469 ml
766 4433 862 4470 cenam
890 4419 972 4468 vocat
998 4414 1132 4470 ‘Persam’
1156 4418 1193 4484 (v.
1213 4418 1284 4482 710),

137 4513 225 4566 quem
250 4495 373 4565 hospitio
398 4495 590 4564 accipiendum
615 4496 820 4562 curandumque
846 4495 985 4549 ‘dominus
1007 4495 1209 4549 'timarchides’
1235 4511 1285 4564 per·

137 4576 276 4630 ‘litteras'
297 4573 419 4629 iusserat
438 4576 473 4644 (r.
491 4581 549 4629 mo.
566 4579 636 4643 527).
675 4575 747 4638 Quin
772 4576 856 4628 etiam
882 4574 998 4628 miratur
1019 4591 1045 4642 p.
1063 4580 1096 4627 70
1116 4592 1170 4628 non
1189 4572 1284 4628 mirari

135 4655 311 4722 Dordalum,
340 4655 416 4722 quod
439 4655 524 4708 Persa
548 4655 693 4721 Persisque
718 4655 822 4723 optime
846 4653 932 4708 latine
957 4654 1117 4722 loquantur:
1149 4654 1197 4708 ubi
1219 4659 1285 4708 ante

135 4735 237 4791 omnia
259 4733 325 4787 leno
349 4734 445 4788 mirari
468 4734 566 4789 debuit
592 4750 620 4786 se
648 4733 739 4801 ipsum
767 4736 929 4801 ceterosque
953 4734 1040 4787 latine
1065 4733 1142 4801 loqui
1167 4735 1283 4789 Athenis

135 4814 250 4871 Atticis.
