2910 5528
64 750 206 801 ass-551
544 741 730 797 APPstx
1056 811 1058 816 ,
1146 741 1209 806 185

65 906 203 978 supplerit
223 905 413 963 Camerarins‘
439 903 482 958 il.-
506 905 557 960 uti
580 904 693 959 isenore
713 919 766 974 pro
794 903 903 958 faenori
927 903 1077 974 Vssinar'us.
1114 903 1214 959 Nescia

63 1006 103 1044 am
121 991 244 1059 praestet
266 987 339 1042 velut
357 985 406 1053 qui
425 984 504 1039 desis
523 982 733 1058 <quadraginta
751 983 871 1056 minas>
896 983 950 1050 Qui
975 982 1094 1039 amicast
1118 985 1214 1053 empta

64 1068 183 1140 quique
203 1066 300 1140 <bens
319 1064 503 1139 nobissimi).

152 1153 216 1203 532.
235 1145 292 1202 nisi
306 1145 380 1216 quad
391 1145 563 1201 Gulielmius.
583 1143 733 1214 mquidem
749 1145 827 1200 Pius.
850 1144 889 1211 Os.
898 1144 1046 1199 Acidaliae
1057 1161 1086 1213 p.
1100 1147 1164 1199 232.
1181 1175 1213 1183 -

63 1244 173 1300 occupo
196 1227 257 1284 soll.
285 1227 362 1282 Men.
388 1230 444 1282 845
467 1225 610 1298 Kayserus
633 1225 737 1280 Anaal.
762 1225 931 1296 Heidelberq.
958 1223 1088 1280 XLVII
1102 1242 1132 1294 p.
1152 1228 1214 1291 425,

63 1312 169 1367 sitisse.

149 1394 212 1444 540.
240 1384 278 1441 Vt
295 1403 330 1443 55
348 1386 402 1441 hoc
418 1384 546 1458 Pylades.
570 1386 630 1442 Hoc
649 1403 683 1441 55
698 1387 823 1442 Bathius.
848 1386 907 1440 Nes
925 1384 978 1439 hoc
996 1385 1028 1440 K
1027 1385 1121 1440 aelius
1136 1384 1213 1440 Mus.

62 1469 153 1524 litun
173 1465 267 1522 XXV
276 1482 307 1537 p.
322 1469 384 1523 522.

154 1552 217 1604 542.
250 1547 296 1602 his
314 1545 486 1602 insudiusrit
504 1547 687 1603 Camerarius.
720 1547 778 1601 iam
802 1545 974 1601 inaudiusrit
994 1546 1136 1602 Gruterus.
1170 1545 1214 1614 Os.

61 1628 229 1702 Spenaalius
249 1627 282 1682 T.
297 1628 338 1682 Μ.
355 1627 388 1685 P.
403 1644 434 1697 p.
448 1630 515 1695 230,
534 1627 698 1684 thbeeleius
715 1629 815 1698 traam.
835 1626 915 1682 sont.¹
928 1643 959 1696 p.
975 1627 1053 1681 CIX.

154 1713 216 1764 543.
250 1708 309 1764 Pro
331 1709 361 1763 st
380 1707 500 1779 Pylades
518 1710 561 1774 ut,
585 1709 761 1763 Camerarius
780 1723 829 1775 55,
855 1708 1010 1762 Lambinus
1028 1707 1096 1775 heu,
1122 1707 1213 1764 Taul-

60 1805 186 1845 mannus
207 1786 269 1844 hei:
291 1789 328 1856 ef.
347 1787 493 1843 Richterus
516 1788 548 1842 in
565 1787 683 1842 Stnelem
704 1788 782 1843 seua.
802 1789 824 1841 I
837 1805 866 1858 p.
882 1792 937 1842 454
960 1788 1025 1842 adn.
1059 1786 1157 1842 Nescia
1174 1806 1214 1843 an

61 1871 163 1926 melius
179 1868 313 1936 dekamrr,
330 1883 392 1924 eum
410 1873 461 1923 aut
479 1866 520 1936 si,
538 1866 626 1923 timeo
645 1874 696 1923 aut
715 1886 799 1938 quam
817 1868 905 1923 timeo
923 1867 1067 1922 conveniat
1084 1868 1150 1922 usui
1167 1885 1213 1922 ne-

61 1967 115 2021 que
135 1949 172 2018 ei,
189 1965 275 2018 qaam
294 1948 367 2004 alias
384 1947 532 2003 5511555555
550 1950 689 2020 cartinnai.
723 1949 767 2004 De
785 1949 873 2004 verbis
892 1947 927 2017 si,
945 1965 1030 2016 quam
1130 1946 1216 2003 habet

61 2036 101 2101 (u.
117 2033 186 2100 545)
203 2029 325 2085 Mentis
343 2029 481 2099 uastabat
498 2029 647 2098 Lanaemus
667 2029 780 2084 ‘Bsitm’
797 2045 827 2098 p.
841 2032 907 2084 122.

156 2116 217 2166 545.
243 2107 285 2178 Os.
300 2110 338 2166 ad
354 2127 379 2166 5.
390 2112 453 2165 543.
482 2125 527 2164 ms
542 2107 659 2182 (mule)
678 2108 764 2164 habet
781 2109 863 2164 etiam
877 2108 998 2163 Briaius
1016 2109 1033 2162 l.
1044 2123 1065 2163 s.
1075 2124 1096 2162 s.
1113 2125 1142 2176 p.
1154 2112 1215 2164 194.

63 2209 145 2247 meus
168 2191 257 2246 habet
273 2191 445 2246 Dissaleteus.
478 2206 558 2245 meus
583 2192 625 2245 est
644 2189 774 2260 Guyetus.
806 2187 845 2242 mi
868 2186 955 2243 habet
978 2204 1038 2243 cuim
1056 2188 1158 2243 Balleia
1176 2188 1216 2256 it,

61 2273 98 2327 de
111 2288 159 2326 ms
173 2269 260 2324 habet
272 2287 345 2325 nune
355 2274 419 2340 post
439 2269 571 2325 Weieium
589 2271 621 2323 in
634 2271 700 2324 adn.
715 2270 845 2339 cogitans.
871 2284 950 2323 meus
968 2285 1041 2322 nune
1060 2268 1147 2323 habet
1166 2268 1216 2322 Vs-

60 2352 184 2421 sinaius.
203 2380 236 2392 -
255 2349 331 2404 ututi
353 2366 398 2405 res
422 2366 482 2406 sess
506 2350 576 2404 hasa
594 2349 720 2404 Bottius.
753 2350 829 2403 ututi
851 2364 912 2403 sess
930 2365 974 2403 res
997 2365 1058 2402 eum
1080 2349 1168 2403 eodem
1186 2347 1216 2401 Β

61 2432 225 2501 asumma
242 2431 353 2486 Brixia.
382 2433 415 2485 ut
429 2447 483 2499 pro
501 2431 567 2486 utut
583 2432 680 2485 mirere
697 2428 853 2484 Bentleium
871 2429 1028 2483 servarein
1046 2427 1146 2498 Hesyr.
1167 2427 1218 2482 IV

62 2516 92 2579 4,
112 2514 160 2566 12.
191 2511 262 2566 litos
280 2511 318 2566 ael
336 2511 443 2580 55555)
463 2511 498 2577 es.
517 2511 643 2566 Laeuius
660 2510 698 2564 ad
715 2526 741 2563 a.
757 2512 821 2564 502.

157 2596 219 2646 549.
248 2589 362 2645 hercule
380 2590 530 2645 Gruterus:
553 2591 585 2645 de
607 2608 660 2660 quo
679 2606 703 2643 a.
722 2589 869 2644 Raudium
889 2588 968 2643 Ture.
989 2589 1053 2641 III
1068 2605 1094 2657 p.
1115 2592 1160 2642 60.
1181 2618 1215 2629 -

63 2688 144 2739 uero,
163 2671 259 2726 omnis
276 2672 338 2726 dist.
359 2670 612 2726 Sannensalseinins.
645 2670 731 2725 uerod
751 2670 845 2726 omnia
863 2669 998 2737 Bstltius,
1016 2666 1046 2722 'a'l
1068 2668 1139 2722 Noa.
1159 2685 1215 2724 aaa.

64 2754 86 2807 1
99 2758 194 2823 128⁶·
217 2766 285 2806 uero
303 2749 348 2806 illi
367 2749 461 2805 omnis
482 2750 609 2820 Pylades.
637 2767 704 2805 uero
724 2751 808 2818 sique
829 2748 923 2803 omnis
942 2747 1124 2803 Camerarius.
1150 2765 1216 2802 uero

63 2849 101 2888 ea
120 2831 217 2886 omnis
234 2831 368 2902 Buyaius.
398 2847 465 2886 uero
484 2847 565 2883 omne
584 2831 679 2886 ordine
704 2832 755 2896 (vel
773 2846 831 2884 rem
851 2844 962 2883 omnem
981 2834 1005 2882 et
1024 2827 1083 2882 Vas
1100 2845 1152 2897 pra
1170 2827 1216 2897 Ei)

64 2912 221 2967 Muellerus
240 2909 1110 2980 15498.-551555155555ι8555551.8555.15.463555.
1145 2907 1216 2962 Oete·

61 3009 128 3048 rum
144 2991 213 3060 V(&)
232 2992 264 3045 in
282 2992 310 3045 B
330 3007 364 3046 ex
385 3006 455 3060 pers.
474 2996 541 3045 nota
559 2992 655 3059 repetit
668 2992 818 3062 Seyffertus
837 2993 951 3058 itemque
969 2987 1101 3058 u(smice)
1120 3007 1143 3044 v.
1161 2994 1216 3044 718

62 3079 91 3127 et
108 3071 288 3141 u(numquid)
308 3088 331 3126 v.
348 3075 410 3126 750.
435 3072 514 3125 Adde
532 3070 563 3123 bi
580 3089 604 3127 v.
620 3075 684 3126 528.
701 3103 732 3111 -
748 3072 791 3126 De
809 3069 997 3139 dittoaraplria
1015 3075 1112 3124 contra
1128 3069 1215 3124 Osan-

62 3171 135 3208 num
157 3153 241 3207 Amal.
265 3168 295 3221 p.
315 3155 370 3206 201
400 3151 435 3216 es.
459 3150 488 3203 ll
518 3151 629 3220 Parera.
654 3169 684 3221 p.
704 3156 760 3206 480
780 3168 834 3220 sqq.
874 3149 1052 3218 (laetatusque
1075 3149 1137 3203 Act.
1161 3166 1214 3204 saa.

61 3234 136 3304 pluit.
157 3233 235 3302 Lips.
256 3231 300 3286 VI
312 3248 342 3301 p.
357 3234 424 3299 236,
442 3232 475 3285 ele
492 3230 605 3285 techina
623 3233 712 3298 farum
730 3249 754 3286 a.
769 3230 799 3285 Ἠ
820 3230 917 3300 Opust.
933 3231 1003 3299 phil.
1020 3230 1063 3282 II
1073 3247 1104 3300 p.
1119 3233 1172 3284 474
1190 3235 1215 3286 et

66 3314 199 3369 Laeieim
216 3312 301 3367 Anat.
320 3311 365 3366 Pl.
382 3328 411 3380 p.
425 3314 486 3364 211.

158 3398 219 3448 552.
253 3392 294 3446 Et
316 3390 440 3445 Dixistin
463 3397 487 3445 et
505 3391 619 3447 Dixtine
643 3393 692 3462 (sie
711 3394 792 3447 etiam
810 3391 963 3459 Bentleius)
983 3397 1047 3459 post
1065 3390 1215 3446 Gruterum

63 3473 189 3529 Busirim
205 3470 398 3541 reeipientdt
416 3471 499 3540 (illust
519 3472 634 3542 Parere.
654 3473 671 3527 l.
690 3490 711 3528 s.
730 3489 765 3539 s,
784 3473 833 3526 teos
856 3473 887 3524 in
905 3472 972 3539 alt:
991 3471 1025 3536 cs.
1046 3470 1216 3526 Schraderus

64 3556 100 3610 de
118 3565 173 3605 „vs
184 3552 286 3621 partie.
304 3568 333 3621 ρ.
353 3557 370 3606 5
389 3552 487 3622 [259].
516 3552 630 3607 Servata
650 3551 746 3606 Dixtin
764 3557 828 3621 post
852 3550 966 3620 inquam
985 3551 1104 3621 Rslaeles
1123 3556 1218 3621 atque,
1299 3599 1304 3608 .

60 3639 129 3703 past
148 3647 253 3701 quasso
264 3631 418 3686 Muellerus
438 3631 576 3686 ‘Naeuia'
591 3651 620 3702 p.
633 3637 690 3688 102
709 3634 825 3686 imemeit
841 3631 949 3685 hercle.-
967 3632 1016 3686 ubi
1032 3632 1216 3703 55155555]

64 3719 91 3767 et
110 3711 287 3782 ant-mm]
307 3711 344 3766 ael
363 3712 449 3766 labem
468 3728 632 3766 communem
650 3713 836 3768 revocaverim.
876 3711 945 3766 Vide
960 3713 1051 3780 praes.

159 3797 212 3847 554
225 3807 263 3861 sq.
290 3791 348 3846 Pro
367 3808 452 3859 quom
466 3791 560 3860 sagita
575 3793 731 3848 Saracenus
743 3808 828 3861 quam
842 3806 901 3844 rsm
917 3790 1041 3860 cogitas?
1061 3794 1218 3861 temptabat,

64 3889 155 3942 quom
176 3870 282 3940 rogitas
301 3869 354 3924 Pia
372 3870 440 3924 eluse
461 3869 589 3939 Pylades,
609 3889 692 3940 quam
710 3871 818 3941 rogitas
840 3872 967 3935 Bottius,
987 3871 1072 3924 etism
1092 3870 1217 3940 rogitas?

70 3952 203 4007 Weisius.
229 3950 323 4004 ‘Reate
340 3950 475 4019 supplevit
491 3948 673 4018 (lanatarius,
691 3955 748 4007 nisi
761 3954 833 4022 quael
848 3969 902 4022 pro
916 3950 987 4020 perii
1002 3949 1114 4018 oppida,
1134 3968 1217 4017 quom

64 4032 165 4101 suffeci
192 4030 276 4100 perii,
295 4046 353 4084 rem
378 4046 462 4097 quom
491 4030 603 4102 Parerq.
623 4051 653 4101 p.
669 4039 725 4088 482
741 4050 778 4102 sq.
822 4034 915 4086 Verbis
943 4031 994 4083 Ta.
1020 4029 1132 4098 Negat?
1161 4031 1215 4085 Ta.

65 4113 158 4182 negas
175 4111 289 4179 inquam
309 4115 340 4163 ut
361 4110 505 4164 Plautinis
523 4113 613 4166 utitur
627 4113 769 4168 Bentleius
787 4115 818 4168 in
837 4113 907 4166 Hor.
923 4112 1013 4180 basiet.
1031 4112 1051 4163 I
1069 4116 1095 4177 7,
1115 4111 1161 4164 63’
1179 4109 1216 4165 it.

66 4193 185 4247 Servata
209 4187 273 4244 Non
298 4190 464 4244 confitetur?
489 4197 571 4245 antea
593 4191 646 4247 ΤΗ.
666 4196 751 4262 negat
776 4196 898 4260 inquam.
922 4191 971 4245 Ta.
996 4207 1080 4257 quum
1105 4190 1141 4243 sit
1166 4190 1216 4242 ini·

65 4287 156 4340 quom
170 4269 267 4340 cogita
285 4269 440 4341 Vesinyius,
459 4271 610 4326 scelestus?
630 4272 684 4328 ΤΗ,
704 4273 814 4341 negitat
833 4272 955 4340 inquam.
976 4271 1027 4323 ΤΒ.
1048 4271 1143 4339 cogita
1161 4268 1217 4323 Leo

66 4355 85 4407 l.
105 4368 127 4407 s.
147 4366 168 4405 s.
187 4367 214 4419 p.
229 4353 272 4404 12.
309 4350 361 4405 ΤΒ.
381 4352 468 4419 negat
486 4354 609 4420 inquam.
629 4354 680 4408 ΤΒ.
700 4353 816 4407 uerbum
835 4352 980 4419 antiquom
1001 4349 1108 4420 cogita:
1128 4349 1218 4417 Nega,

66 4433 124 4488 etsi
153 4428 304 4485 confessu’s
324 4428 364 4486 E.
389 4461 422 4470 -
452 4431 574 4487 Ceterum
601 4433 690 4488 fassus
719 4433 773 4486 siet
795 4449 850 4502 pro
878 4431 1020 4485 confessus
1048 4429 1087 4484 sit
1113 4429 1218 4485 Pareus

66 4513 108 4567 ed.
129 4517 190 4567 tert.
226 4508 293 4564 Viele
307 4512 398 4580 praes.

159 4596 222 4646 556.
242 4607 295 4659 ego
310 4606 364 4660 pro
383 4607 456 4661 egon
474 4593 601 4659 Batitas,
622 4594 658 4646 ss.

160 4676 222 4727 557.
246 4670 340 4727 herste
365 4674 393 4726 te
413 4689 475 4726 cum
495 4690 528 4727 eo
555 4689 611 4726 uns
629 4674 756 4742 Pylades.
793 4670 906 4726 hercule
925 4687 988 4724 cum
1007 4687 1041 4724 5ο
1065 4687 1121 4724 uns
1145 4671 1218 4726 Gru·

67 4761 152 4811 serae.
184 4753 280 4806 hercle
298 4755 327 4807 ts
345 4770 402 4806 555
425 4770 488 4807 cum
515 4771 548 4808 eo
567 4754 697 4819 Bathius,
720 4751 751 4807 Ἠ
769 4753 800 4806 in
822 4753 862 4806 eet.
885 4751 1062 4804 herclecum
1085 4751 1137 4805 eod
1162 4767 1219 4804 una

68 4834 99 4889 ei
118 4833 191 4889 Nos.
210 4849 266 4888 aaa.
288 4834 411 4903 11554.
448 4834 542 4888 hercle
567 4852 629 4889 eum
652 4832 765 4889 homine
788 4849 844 4888 una
863 4833 999 4905 Buayius.
1037 4830 1218 4888 herclecum
