2910 5528
135 39 1117 300 -

159 710 304 759 ecs-462
640 703 824 758 APPENDIX
1237 704 1297 768 147

160 880 319 934 responsum
332 865 487 934 putandum
500 864 551 918 crit
565 865 597 918 in
609 864 682 917 banc
693 864 820 931 speeiem:
833 862 882 916 Τ3.
898 863 1026 918 Fortasse
1036 863 1138 917 metuis
1147 864 1177 918 in
1186 881 1299 919 1113111111

161 944 329 999 concredere
342 960 360 1000 3
373 959 391 999 e
405 962 422 999 r
435 959 453 999 1
466 959 484 999 e
497 959 515 999 1
528 959 546 999 e
560 960 608 998 e*
626 942 676 996 Το.
691 941 746 997 Abi
760 941 831 996 istac
845 960 900 1012 eq.
911 959 932 996 s.
953 943 1040 1013 Qeaale
1052 944 1129 999 allius
1142 959 1300 1013 responsum

160 1025 274 1094 31133311
295 1025 385 1079 neema
408 1042 447 1077 cu
468 1025 509 1079 vel
531 1024 659 1090 33333113,
686 1028 717 1076 31
739 1038 826 1090 supra
848 1023 966 1090 factum,
987 1024 1107 1077 versibus
1132 1024 1301 1078 intercidisse

160 1109 224 1158 ante
233 1101 258 1159 v'.
269 1107 322 1158 444
332 1105 493 1158 credendum
503 1105 561 1161 sit’.
580 1104 624 1157 De
632 1102 819 1172 dittopraplria
826 1103 982 1169 praeiverat
993 1102 1299 1172 (13331333441-443

162 1200 329 1253 eapunpmrr,
347 1185 520 1238 consentiunt
538 1183 714 1252 Ladeuipius
732 1181 832 1236 Plrilvl.
854 1181 954 1236 XVII
968 1200 997 1250 p.
1016 1187 1082 1250 472,
1102 1183 1301 1252 Brupmannus

160 1264 194 1317 de
212 1275 248 1315 111
260 1265 362 1332 partic.
377 1280 408 1333 p.
428 1268 526 1332 1311..Ι
549 1264 598 1318 ubi
615 1263 762 1330 simplicem
780 1262 1015 1330 interpolationem
1032 1263 1155 1331 apnoscit
1173 1263 1300 1318 Gaeteius

159 1344 177 1399 l.
195 1358 219 1399 s.
236 1359 259 1399 s.
275 1361 305 1412 p.
323 1347 390 1410 266,
413 1359 495 1412 quam
520 1361 544 1397 v.
563 1339 618 1397 442
641 1359 674 1396 ea
696 1341 836 1397 vocabulis
857 1357 881 1396 v.
901 1345 962 1395 433.
982 1344 1042 1395 434.
1061 1344 1115 1395 436
1133 1342 1220 1396 obviis
1238 1359 1299 1397 con·

157 1427 220 1475 suto
245 1422 329 1488 facile
349 1424 536 1490 concesserim,
563 1438 619 1476 non
645 1423 709 1476 item
731 1438 755 1476 v.
775 1423 829 1474 443
852 1422 902 1483 (sic
924 1422 1004 1475 eliam
1027 1421 1220 1490 Sebeuledius).
1257 1423 1300 1476 De

159 1501 251 1555 turbis
277 1502 451 1571 pravioribus
474 1507 585 1572 praeter
609 1501 770 1570 Lampenum
796 1501 916 1570 copitanl
939 1500 1123 1568 Ijsendijleius
1142 1518 1172 1570 p.
1192 1506 1230 1557 32
1244 1517 1299 1571 sqq.

157 1586 242 1649 atque
264 1580 439 1636 Sclrenlrelius
456 1599 486 1650 p.
506 1586 561 1636 681
570 1598 623 1650 sq„-
649 1582 698 1650 qui
724 1582 796 1634 inter
822 1581 880 1634 alia
902 1580 1086 1635 traiectionem
1107 1582 1196 1634 suasit
1214 1583 1300 1650 plane

155 1661 365 1729 improbabilem
381 1661 427 1730 (cf.
446 1662 484 1715 ad
501 1679 525 1715 v.
548 1664 613 1730 136)
632 1677 665 1715 aa
682 1678 706 1715 v.
726 1664 777 1712 441
797 1675 858 1713 eam
873 1666 938 1727 post
955 1677 1068 1714 manum
1087 1661 1213 1715 inseruit.

247 1744 309 1793 444.
328 1740 383 1794 Abi
401 1740 473 1795 istsc
491 1741 599 1795 seorsis
615 1740 796 1794 Camerarius.
822 1737 878 1792 Abi
896 1740 950 1794 hoo
968 1740 1074 1795 seorsis
1090 1741 1219 1810 (Iapetus.
1243 1739 1297 1793 Abi

154 1818 211 1872 hac
230 1817 359 1873 aduorsis
377 1819 497 1874 Botlsias
520 1822 553 1874 in
571 1820 610 1874 ed.
629 1820 679 1874 311.
709 1819 762 1872 Abi
785 1819 856 1873 istae
879 1821 910 1872 tu
934 1819 1041 1874 suorsis
1066 1819 1210 1890 Vssinpius
1227 1821 1296 1875 oblo-

154 1903 255 1967 quente
272 1914 378 1954 censore
397 1899 474 1968 ‘psit
494 1900 575 1954 Aur)
598 1899 700 1953 XVII
715 1917 742 1967 p.
762 1903 824 1952 166.

247 1981 309 2031 443.
327 1978 372 2032 De
394 1984 459 2033 3313
481 1984 578 2048 quarto
601 1984 670 2033 recle
691 1979 736 2032 lric
757 1978 913 2047 eipnificalo
931 1980 966 2045 cs.
985 1981 1030 2034 ad.
1049 1997 1073 2034 v.
1093 1983 1157 2034 400.
1195 1979 1298 2034 Contra

155 2058 294 2112 Halmius
318 2057 425 2127 Quaest.
447 2073 535 2113 scaen.
555 2075 585 2127 p.
604 2061 645 2113 22
670 2057 863 2126 Vssinpiusquc
881 2075 914 2112 ne
932 2075 1030 2113 novam
1048 2061 1155 2128 quidem
1172 2075 1298 2114 scaenam

153 2140 202 2192 lu’c
223 2138 398 2206 sipnifieaut,
419 2153 563 2206 perperam
585 2138 738 2192 iudicantes
756 2138 789 2191 de
807 2137 939 2192 librorum
956 2141 1093 2193 memoria.
1113 2169 1145 2178 -
1167 2139 1226 2192 Pro
1248 2141 1299 2191 sut

155 2218 303 2272 Bentleius
320 2233 361 2271 ac.

247 2300 307 2350 460.
328 2295 385 2348 sum
404 2297 504 2350 manus
515 2296 671 2352 ‘obscurare
683 2298 783 2352 noluit’
801 2297 842 2351 It:
860 2299 896 2364 cs.
911 2298 1048 2367 Berplrius
1063 2297 1161 2375 opusc,
1171 2298 1193 2351 I
1198 2315 1228 2367 p.
1239 2301 1297 2353 122

153 2375 289 2446 (replerit
306 2375 459 2430 Dorsclrius
477 2377 510 2431 dc
527 2378 639 2431 assimil.
655 2395 684 2445 p.
705 2382 754 2432 16:
773 2378 807 2444 cf.
828 2377 906 2432 Cure.
926 2380 999 2444 416).

247 2459 309 2508 461.
327 2453 414 2509 ferme
438 2472 499 2510 cum
517 2456 656 2527 Sealipero
675 2455 801 2524 13131·
819 2464 849 2512 31
867 2458 902 2523 cs.
922 2459 1006 2513 Amal.
1026 2458 1118 2512 Plaut.
1135 2461 1170 2511 46
1179 2474 1217 2526 sq.
1231 2457 1296 2511 adn.

153 2533 247 2604 prime
260 2534 397 2604 Berplrius
412 2535 522 2590 ‘Belus
538 2552 569 2604 p.
583 2542 638 2591 163
657 2539 693 2605 (31
710 2541 776 2606 post
794 2537 932 2606 principio
951 2542 1061 2593 34621
1079 2539 1129 2592 ubi
1145 2554 1230 2606 neque
1248 2538 1297 2590 ad-

152 2615 278 2668 verbium
301 2630 385 2682 meque
404 2616 570 2669 substantivi
588 2617 756 2684 simpularem
774 2634 807 2671 33
825 2634 878 2671 333
896 2618 1008 2685 liupuae
1026 2618 1130 2672 latinae
1148 2618 1298 2671 notiouisee

154 2694 266 2747 ratione
284 2693 428 2763 3111116311).
449 2725 483 2735 -
501 2698 533 2749 ut
552 2694 668 2763 quisque
688 2695 812 2764 quidque
832 2696 972 2766 occeperit
991 2697 1020 2750 It
1038 2697 1096 2751 coll.
1111 2714 1136 2751 v.
1152 2701 1214 2763 114,
1237 2712 1294 2749 rem

153 2774 273 2827 accuret
294 2790 373 2826 susm
396 2791 411 2828 e
427 2791 451 2829 v.
467 2778 521 2828 440
539 2780 660 2843 repetens
677 2776 881 2844 obloquentibus
899 2775 1030 2844 Lunpeno
1047 2775 1125 2830 Slud.
1144 2775 1189 2829 Pl.
1205 2793 1235 2844 p.
1251 2780 1297 2840 60,

156 2852 280 2907 Prelrmo
298 2852 331 2906 de
345 2869 427 2921 prou.
446 2855 530 2920 indes.
547 2871 576 2921 p.
595 2860 641 2921 10,
660 2855 695 2907 al.

247 2937 308 2985 452.
327 2933 454 3000 procedit
476 2935 541 3002 post
562 2932 702 3002 principis
724 2935 906 2989 Camerarius.
944 2935 1071 3004 procedit
1093 2932 1296 3004 postprincipiv

155 3011 326 3066 Salmasius:
350 3012 384 3078 31.
408 3013 446 3067 ad
467 3017 573 3067 3451.
610 3013 765 3081 procedunt
787 3015 978 3084 posprineipis
1001 3015 1031 3069 'R
1055 3015 1152 3083 Opusc.
1167 3016 1237 3085 phil.
1258 3016 1299 3067 II

150 3095 280 3239 {offic
304 3091 402 3147 Totum
423 3109 528 3146 3333331
550 3095 590 3146 sic
608 3093 768 3148 Acidaliae:
791 3094 945 3164 Principio,
968 3092 1008 3147 sio
1031 3092 1058 3146 ei
1081 3093 1209 3162 procedit
1231 3095 1297 3164 post

246 3255 298 3303 463
308 3267 345 3320 sq.
369 3253 476 3306 seclusit
495 3251 524 3304 Ii
546 3252 650 3306 addens
674 3253 732 3307 ‘bos
754 3271 773 3306 a
791 3254 933 3310 Plautinis
956 3259 1046 3324 aperte
1068 3259 1189 3322 seprepat
1211 3269 1298 3307 means

153 3331 373 3386 smdmtiarum'.
417 3331 474 3385 Pro
502 3332 559 3385 loco
582 3333 718 3399 parallelo
746 3333 843 3388 babuit
870 3334 1045 3404 lademipius
1072 3334 1172 3387 Philol.
1197 3332 1299 3385 XVII

151 3428 182 3479 p.
192 3415 250 3466 472
265 3413 378 3480 itemque
390 3412 516 3465 Goctrius
525 3411 587 3465 Act.
602 3428 653 3465 soc.
665 3413 734 3480 phil.
746 3411 824 3480 Lips.
839 3412 883 3467 VI
890 3431 919 3482 p.
930 3419 992 3468 247.
1012 3415 1051 3467 At
1064 3414 1125 3467 vide
1135 3412 1298 3480 Lanpenum

155 3490 236 3545 stad.
260 3491 303 3545 Pl.
319 3508 348 3560 p.
368 3496 406 3546 60
414 3507 451 3559 sq.
489 3489 532 3543 De
550 3498 671 3544 euenunt
688 3510 711 3546 3.
733 3497 785 3545 464
804 3495 941 3561 copitabat
959 3494 1084 3548 Bothius.

248 3575 309 3623 466.
334 3571 403 3624 bene
426 3572 626 3638 prouenturum
648 3588 709 3626 cum
733 3572 833 3625 Ballio
857 3572 886 3624 'It
909 3575 1012 3627 addens
1036 3573 1102 3626 ‘man
1122 3573 1211 3640 placet
1234 3588 1296 3639 pro-

155 3651 305 3704 venturam
320 3667 381 3704 eam
401 3649 501 3703 bene’:
519 3651 1228 3721 3330133333333131331033131338336333333.
1256 3650 1296 3716 or:

156 3730 289 3800 Meyerus
311 3729 540 3783 in·Oommental.
563 3731 640 3783 acad.
664 3730 768 3784 Bavar.
791 3732 890 3784 XVII
910 3736 1030 3786 31864
1050 3748 1079 3797 p.
1099 3735 1144 3797 55,
1171 3731 1298 3784 Klotrius

152 3825 184 3877 p.
205 3810 263 3862 320
281 3813 306 3862 31
323 3809 419 3862 scitius
437 3808 566 3860 iudicans
584 3807 733 3877 Seyffertus
752 3810 834 3864 Burs.
854 3812 959 3864 Annal.
977 3809 1103 3863 XLVII
1119 3826 1146 3876 p.
1161 3813 1207 3862 32.
1241 3813 1299 3862 Hac

155 3891 214 3943 1333
237 3894 346 3957 praeter
367 3894 482 3941 metrum
504 3887 616 3953 offendit
641 3890 713 3956 quod
738 3887 809 3942 bene
832 3906 889 3943 333
911 3892 980 3944 satis
1003 3889 1145 3956 respondet
1162 3888 1297 3940 adverbiis

150 3968 379 4038 praecedentibus
402 3968 448 4035 (cf.
467 3984 492 4020 3.
512 3970 564 4020 463
574 3968 637 4035 sp),
657 3971 818 4035 praesertim
842 3985 901 4022 cum
924 3970 1005 4022 etiam
1029 3968 1094 4019 eliis
1117 3966 1182 4019 lacis
1204 3967 1296 4032 expri-

152 4048 255 4102 eitiora
282 4048 413 4102 advmbia
441 4063 502 4101 cum
529 4046 690 4114 prouenire,
718 4047 829 4100 euenire
851 4047 939 4102 verbis
966 4047 1170 4112 cbniuuparrlur
1194 4050 1218 4096 31
1241 4045 1298 4111 ipsc

154 4128 287 4182 Euentus
305 4127 433 4181 ‘hilarus’
455 4127 572 4182 dicatur.
593 4159 625 4166 —
646 4129 715 4182 Mea
739 4127 818 4180 Hunc
842 4143 894 4195 ego
919 4142 975 4179 non
997 4125 1139 4194 displicuit
1164 4123 1296 4191 Vssiupio.

214 4214 217 4219 '
246 4213 307 4262 461.
328 4206 422 4270 cher,
446 4223 515 4273 ques
539 4209 570 4259 tu
594 4206 717 4260 attulisti
741 4205 779 4259 mi
802 4222 889 4273 usque
909 4223 923 4259 e
942 4203 1037 4256 Persis
1056 4202 1085 4254 st
1103 4203 1198 4257 addita
1217 4201 1299 4256 cher

153 4288 197 4342 vel
214 4285 304 4339 Adfer
331 4291 356 4339 31
383 4286 477 4340 deletis
504 4287 539 4339 ab
568 4301 614 4338 ero
643 4301 705 4338 meo
731 4285 933 4353 ‘plosscmatis’:
960 4283 1032 4352 quod
1057 4283 1167 4349 firmare
1192 4283 1299 4337 studuit

152 4368 278 4421 Beierus
297 4384 327 4435 p.
348 4371 385 4420 76
406 4367 504 4420 3311313
526 4365 625 4419 Pseud.
646 4371 699 4420 711
723 4366 814 4434 (simul
836 4366 871 4418 ab
891 4380 937 4417 ero
956 4378 1018 4416 meo
1037 4379 1070 4415 ea
1087 4379 1112 4417 v.
1131 4366 1186 4416 403
1205 4362 1232 4415 Α
1257 4379 1297 4415 re-

150 4448 270 4518 petens),
288 4462 349 4500 cum
368 4445 518 4513 Laupenus
536 4445 615 4498 Slud.
637 4445 678 4498 Pl.
696 4464 723 4512 p.
740 4451 795 4499 177
800 4462 841 4513 sq.
865 4445 974 4497 anserino
997 4442 1176 4510 suspicionem
1196 4448 1298 4497 moveat

153 4528 188 4581 de
201 4543 227 4580 v.
242 4531 342 4594 46033.
366 4525 487 4579 Ceterum
502 4525 570 4576 mihi
586 4526 665 4591 eulpa
679 4541 730 4578 om.
746 4542 806 4579 cum
823 4524 1063 4578 Teubmauuiana.
1083 4522 1125 4574 De
1139 4519 1213 4575 Cedo
1228 4521 1297 4576 istas

154 4606 280 4660 tabellas
298 4622 322 4660 v.
342 4610 394 4659 460
413 4607 514 4674 sopitat
534 4605 668 4658 63313133.
704 4604 824 4671 Zeupma
843 4604 993 4656 admittunt
1011 4604 1070 4656 alii.

247 4690 308 4738 462.
334 4686 467 4738 Scaeuam
490 4701 588 4738 moram
610 4685 730 4751 incipere
752 4685 816 4736 irinc
838 4684 927 4736 noluit
949 4682 1097 4736 Acidalius
1115 4683 1299 4750 probantibus

156 4767 280 4821 (1331333
303 4767 462 4833 Bolbioque.
482 4796 514 4804 —
536 4781 619 4828 euge,
644 4780 713 4831 euge
737 4765 789 4828 def.
814 4763 964 4816 Muellerus
987 4763 1065 4816 Pras.
1086 4779 1115 4830 p.
1135 4767 1170 4817 46
1179 4780 1216 4831 sq.
1237 4768 1300 4828 711,

1034 4850 1087 4903 10*
