2910 5528
152 339 177 394 X
615 337 824 395 PRAEFATIO

150 507 294 586 tempore
317 501 356 567 de
381 501 492 567 eadem
512 524 546 567 re
566 503 607 568 ab
626 503 700 568 aliis
724 503 853 590 prolata
876 524 947 568 csse
970 502 1050 568 vidi:
1074 503 1159 588 quod
1182 506 1294 588 paucis

150 609 257 674 verbis
276 608 346 674 fieri
365 631 429 674 non
446 609 563 694 potuit.
604 609 666 674 His
681 610 782 696 igitur
798 610 927 675 omissis
950 611 990 674 ad
1009 610 1134 694 reliqua
1154 614 1294 695 transeo,

151 737 234 801 quae
258 716 297 781 de
320 738 355 782 re
378 716 492 782 crioita
514 717 549 780 in
572 716 739 800 procedosi
763 717 888 781 monita
912 722 994 782 sunt.

241 823 305 888 ‘Ad
338 823 439 888 bonos
467 873 474 887 .
499 874 505 887 .
529 874 536 888 .
564 823 665 888 libros
693 823 806 890 BCD
837 825 922 909 quod
960 825 1093 908 attinet,
1130 825 1295 891 sciendum

150 935 201 996 est
224 930 421 1016 singularem
445 931 603 994 rationem
627 930 724 1015 primi
748 934 783 995 et
801 930 891 995 tertii
914 953 986 996 cum
1009 931 1044 994 in
1068 931 1141 996 aliis
1164 932 1295 1016 quibus-

150 1038 224 1102 dam
254 1037 373 1102 fabulis
406 1040 475 1100 tum
508 1041 635 1120 practer
673 1041 795 1102 ceteras
832 1038 867 1101 in
899 1036 1004 1101 Milite
1037 1037 1181 1122 glorioso
1214 1060 1293 1106 esse.

149 1143 331 1210 Nemeum
361 1142 390 1210 0
409 1144 625 1209 correctiones
652 1143 778 1209 habeat·
800 1164 977 1227 perpaucas
1006 1166 1123 1230 easque
1147 1147 1296 1231 aprima

150 1255 393 1317 manutentum
412 1272 480 1314 nou
499 1272 620 1334 omnes,
644 1255 758 1315 eontra
776 1272 841 1314 non
864 1251 959 1315 unius
983 1251 1040 1315 sed
1064 1252 1201 1316 duorum
1226 1274 1296 1318 cor·

150 1362 312 1424 rectorum
335 1380 467 1422 manum
490 1357 524 1422 B
548 1363 581 1423 et
602 1357 638 1422 D
660 1357 785 1442 experti
809 1361 898 1423 sunt:
927 1379 990 1441 quo
1018 1359 1057 1422 fit
1079 1363 1116 1423 ut
1138 1359 1237 1424 toties
1260 1360 1294 1423 in

150 1465 360 1531 annotatione
387 1468 500 1531 nostra
527 1465 587 1530 Ba
614 1465 671 1530 Bb
694 1465 749 1530 Bc
775 1465 837 1530 Do
863 1464 921 1530 Db
943 1465 998 1530 Dc
1027 1469 1123 1530 notae
1154 1466 1294 1532 redeant.

149 1571 340 1656 Quanquam
363 1572 495 1636 minime
524 1572 716 1637 credendum
747 1577 798 1637 est
821 1577 872 1638 sat
894 1577 983 1638 certo
1007 1573 1126 1658 ubique
1148 1575 1295 1658 potuisse

149 1679 201 1744 vel
233 1679 363 1744 tertiam
391 1701 411 1744 a
439 1678 579 1743 secunda
610 1701 707 1743 manu
735 1677 906 1764 distingui,
939 1679 990 1744 vel
1023 1679 1102 1744 illud
1131 1680 1297 1765 explorari

149 1791 268 1870 utrum,
291 1809 373 1871 quae
397 1785 614 1851 correctiones
637 1807 704 1851 nou
727 1790 804 1851 sunt
827 1809 847 1850 a
868 1786 968 1851 tertia
991 1808 1087 1851 manu
1112 1792 1224 1872 aperte
1248 1810 1296 1854 re·

149 1894 291 1958 centiore
314 1893 492 1978 profectae,
520 1892 584 1976 ipsi
607 1893 733 1976 primae
764 1892 942 1958 debeantur
973 1914 1015 1958 an
1039 1894 1134 1959 alteri
1157 1917 1223 1959 non
1247 1917 1297 1959 rc-

149 2000 284 2066 centiori
319 2000 371 2065 vel
408 1999 462 2064 vix
498 1999 670 2064 recentiori
708 1999 823 2082 prima.
874 1998 913 2063 In
950 2000 1011 2064 hoe
1043 2000 1143 2084 igitur
1179 2023 1297 2087 genere

148 2108 299 2192 praestiti
323 2107 410 2192 quod
434 2108 539 2192 potui,
563 2129 630 2172 non
653 2128 769 2172 curans
792 2110 902 2170 tamen
926 2129 1057 2172 manum
1082 2108 1226 2172 omnium
1251 2131 1298 2173 rc·

149 2215 371 2280 centissimam
391 2236 473 2299 quae
493 2217 543 2279 est
562 2212 750 2280 (temerarii.
786 2212 958 2287 Praeterea
978 2214 1179 2298 simplicitati
1199 2219 1297 2300 atque

149 2322 373 2407 perspicuitati
403 2344 441 2387 eo
473 2322 658 2387 consultum
690 2342 760 2386 csse
790 2320 879 2387 volui
909 2321 994 2405 quod
1018 2322 1208 2406 plerumque
1230 2345 1297 2388 non

149 2428 334 2494 distinctius
363 2428 459 2494 simul
488 2433 520 2493 et
548 2428 716 2493 molestius
745 2428 891 2493 enarravi
925 2428 1000 2512 quid
1024 2429 1207 2494 litterarum
1231 2431 1298 2514 api·

149 2559 262 2603 cumve
289 2536 480 2602 correctoris
508 2558 622 2600 manus
651 2539 684 2599 et
713 2535 889 2600 euasissent
917 2534 1159 2601 induxissentve
1187 2541 1220 2601 et
1244 2537 1299 2601 ad·

150 2644 357 2728 scripsissent
384 2643 726 2727 superscripsisseutve
755 2646 788 2707 at
818 2643 952 2708 adiectis
977 2643 1080 2729 signis
1103 2642 1297 2726 quibusdam

150 2751 329 2816 sociassent
351 2751 635 2815 dissociassentve:
664 2771 746 2834 quae
779 2749 959 2835 corrigendi
983 2772 1104 2836 genera
1126 2750 1238 2814 multis
1264 2751 1298 2814 in

149 2857 230 2922 locis
254 2860 321 2922 tam
346 2857 459 2922 multis
483 2856 588 2922 modis
617 2857 761 2941 miraque
791 2858 947 2921 varietate
970 2857 1143 2922 coniuncta
1166 2861 1242 2921 sunt
1265 2862 1299 2922 et

150 2968 304 3049 tanquam
327 2965 522 3049 complicata
544 2968 594 3048 ut,
622 2964 686 3030 nisi
710 2965 765 3049 qui
789 2964 990 3050 lithographi
1014 2968 1082 3029 arte
1107 2967 1232 3046 utatur,
1257 2965 1298 3029 ad

150 3072 247 3137 fidem
278 3071 397 3138 codicis
429 3072 486 3137 illa
513 3076 753 3157 repraesentare
780 3094 912 3157 prorsus
941 3077 1093 3156 nequeat:
1127 3071 1182 3135 sed
1211 3072 1298 3154 quod

150 3179 293 3244 breviter
312 3183 345 3243 et
362 3179 457 3264 plane
476 3180 621 3264 integras
640 3201 734 3245 voces
758 3180 853 3263 posui
877 3200 957 3263 quas
981 3178 1110 3243 restitui
1134 3183 1298 3245 corrector

150 3286 316 3351 voluisset.
363 3285 554 3371 Quanquam
577 3287 639 3352 boe
662 3308 788 3370 quoque
819 3286 853 3350 in
877 3307 994 3370 genere
1016 3307 1082 3350 non
1106 3290 1155 3350 est
1178 3286 1298 3349 mirum

151 3393 308 3477 quaedam
329 3393 409 3458 satis
429 3393 527 3457 dubia
546 3414 616 3458 esse
636 3396 668 3457 et
692 3380 855 3479 ambigua.
901 3391 1053 3457 Omnium
1077 3398 1185 3458 autem
1209 3415 1298 3458 acer-

150 3500 231 3565 rime
254 3501 288 3564 in
312 3500 345 3564 id
368 3499 500 3564 incubui
524 3504 572 3583 ut,
602 3500 678 3584 quid
707 3503 781 3564 ante
811 3521 958 3564 rasuram
982 3503 1015 3564 et
1039 3500 1183 3583 lituram,
1215 3522 1298 3584 quae

149 3608 339 3692 plerumque
366 3606 548 3670 fortissima
570 3606 646 3689 fuit,
669 3606 703 3670 B
726 3607 882 3690 scriptum
912 3607 1093 3686 habuisset,
1121 3607 1298 3692 investiga·

150 3737 233 3780 rem:
257 3714 342 3799 quod
361 3713 416 3777 ubi
435 3712 524 3776 nullo
546 3711 641 3777 modo
662 3712 790 3796 licebat,
815 3713 944 3797 punctis
964 3714 1170 3778 evanidarum
1188 3736 1299 3779 nume-

149 3845 221 3888 rum
241 3823 424 3886 litterarum
442 3819 564 3884 notavi.
610 3817 712 3903 Saepe
735 3820 820 3885 enim
844 3821 948 3904 prima
971 3843 1086 3885 manus
1110 3820 1161 3886 vel
1186 3843 1298 3886 verum

151 3931 202 3994 vcl
225 3929 293 3994 veri
311 3928 452 4014 vestigia
470 3927 617 4011 quamvis
636 3927 747 3991 tenuia
770 3932 826 3992 aut
850 3929 1023 3993 obscurata
1047 3929 1189 3993 servavit
1212 3929 1298 3993 solu:

150 4058 215 4101 non
239 4036 345 4101 minus
369 4056 463 4112 saepe
486 4038 597 4099 tamen
626 4037 723 4119 atque
754 4035 834 4100 adeo
859 4035 987 4119 saepius
1012 4058 1107 4119 quam
1132 4041 1298 4118 exspectes

150 4143 234 4205 idem
263 4142 429 4222 librarius,
462 4141 529 4206 sive
563 4141 735 4226 archetypo
765 4142 850 4207 lectu
884 4141 1009 4206 difficili
1042 4142 1192 4226 imperite
1222 4165 1298 4206 usus

154 4248 221 4313 sive
245 4248 421 4312 oscitanter
444 4248 545 4333 bono,
568 4253 636 4313 tam
662 4249 779 4313 vitiosa
803 4249 1000 4332 perscripsit,
1022 4249 1069 4313 eis
1093 4253 1129 4312 ut
1152 4247 1298 4313 codicum

155 4352 219 4419 OD
241 4354 397 4419 memoria
426 4355 599 4420 manifesto
628 4359 784 4439 praestet.
827 4354 1005 4439 Vtriusque
1033 4359 1141 4420 autem
1170 4355 1299 4441 generis

152 4461 328 4548 scripturas
350 4461 489 4531 secunda
509 4484 623 4527 manus
643 4463 783 4527 mutavit
802 4462 843 4527 ad
866 4462 943 4527 talis
963 4463 1080 4528 codicis
1105 4464 1299 4548 exemplum,
