2910 5528
164 324 281 384 XXXVI
635 326 841 385 PRAEFATIO

254 493 282 557 E
307 514 560 576 personarum
585 492 805 557 nominibus
828 491 1049 557 Mostellariae
1072 489 1217 578 Berglrio
1240 516 1301 559 sns-

164 604 293 684 pectum
314 600 376 663 fuit
393 605 599 660 Tnnraormrs
616 621 744 664 nomen.
776 598 869 675 Quod
888 599 943 663 illc
961 600 1069 683 potins
1086 600 1302 684 Tlicopropidcs

164 705 263 769 luisse
287 707 434 788 coniecit,
456 704 508 770 ‘ut
527 728 608 789 quac
627 706 732 770 forma
752 707 870 790 ubique
889 705 923 768 in
942 708 1081 769 metrum
1101 714 1303 793 congrueret:

161 812 226 875 nisi
244 812 316 895 quis
335 812 420 876 forte
437 812 662 894 Theopropides
680 814 819 877 formam
843 813 1022 897 praeferret
1043 813 1204 899 producta
1221 821 1302 880 ante

162 918 362 1002 paenultima
394 919 429 982 in
457 919 603 1003 regulam
636 917 849 1003 peccantem’.
891 917 950 984 Oui
983 919 1063 984 haec
1089 921 1303 1005 respondebat

161 1024 377 1090 Ritschelius:
405 1024 490 1089 ‘Nos
524 1026 609 1109 quod
641 1026 802 1090 malumus
834 1027 867 1089 in
895 1026 1042 1111 regulam
1073 1048 1142 1090 non
1173 1029 1302 1112 peccari,

162 1155 228 1198 non
251 1133 389 1198 moleste
412 1132 494 1196 feret
513 1131 689 1215 Bergkius:
713 1131 763 1197 cui
783 1132 912 1215 quidem
931 1154 997 1196 non
1021 1133 1230 1199 mediocriter
1246 1157 1302 1200 nos

161 1240 404 1323 gratificaturus
423 1242 577 1322 putamus
597 1238 800 1322 expromptis
819 1239 1015 1322 optimorum
1034 1238 1195 1304 librorum
1218 1242 1301 1306 teati-

160 1345 279 1411 moniis
304 1346 494 1430 quibusdam
523 1344 855 1428 permemorabilibus.
896 1344 965 1410 Nec
988 1345 1074 1410 enim
1102 1345 1177 1430 plus
1201 1348 1301 1413 facere

159 1452 191 1515 in
211 1451 345 1539 Bergkii
369 1453 563 1516 sententiam
582 1451 753 1536 quicquam
772 1455 882 1535 potest
902 1474 998 1535 quam
1018 1453 1103 1536 quod
1122 1476 1189 1518 non
1209 1454 1300 1520 modo

159 1559 193 1621 in
212 1560 244 1622 A
265 1559 363 1623 semel
387 1562 551 1642 repertum
575 1563 626 1622 est
649 1565 875 1620 Tnaoaomnnm
898 1581 924 1621 v.
940 1559 1019 1643 962,
1043 1560 1143 1624 semel
1168 1567 1301 1622 Tanoao·

158 1684 250 1725 arans
273 1688 301 1730 v.
322 1661 447 1751 784*),
476 1665 532 1730 sed
559 1665 678 1729 eisdem
706 1666 739 1728 in
770 1665 848 1730 locis
871 1665 943 1749 ipsa
968 1665 1047 1730 adeo
1074 1666 1302 1750 Theopropides

158 1771 263 1836 forma
282 1771 315 1834 in
335 1771 368 1835 Β
388 1775 508 1836 exstat:
531 1793 593 1855 quo
614 1771 736 1836 accedit
755 1772 841 1855 quod
860 1772 893 1834 in
914 1793 1104 1837 scaenarum
1123 1774 1302 1858 inscriptio

158 1878 253 1940 nibus
282 1883 519 1938 Tnnvnnonrnns
547 1878 630 1942 idem
658 1877 692 1941 B
715 1901 744 1942 v.
764 1875 891 1964 690**)
919 1878 1062 1962 exhibet,
1089 1886 1302 1942 Tnvraonrnna

158 1983 214 2048 Db
232 2007 261 2048 v.
276 1984 350 2049 532.
384 1983 428 2048 Et
451 1989 559 2049 tamen
577 1985 677 2048 fallax
697 1989 755 2063 est,
779 1985 807 2049 si
827 1984 903 2067 quid
923 1985 1023 2070 video,
1041 1990 1112 2050 tam
1131 1988 1216 2052 mira
1233 2011 1302 2072 spe-

157 2091 221 2154 cies
241 2091 355 2155 omnis.
387 2090 473 2155 Nam
493 2092 577 2176 quod
602 2113 762 2174 nusquam
781 2113 962 2176 repugnare
981 2096 1122 2157 metrum
1143 2092 1303 2179 Berghius

156 2196 250 2279 (lixit,
278 2219 389 2262 verum
413 2219 478 2262 non
503 2203 560 2261 est.
597 2196 772 2262 Commode
797 2198 934 2263 infertur
956 2199 1219 2283 pentasyllabum
1250 2224 1303 2265 no-

156 2326 231 2368 men
253 2329 281 2368 v.
300 2305 378 2369 9722

200 2427 286 2504 Quoi
307 2434 433 2513 patrem
457 2429 714 2514 Theopropidem
740 2453 809 2495 esse
834 2429 958 2515 opinor.
988 2430 1030 2495 Ei
1054 2432 1145 2516 mihi,
1169 2433 1280 2498 occidi.

155 2552 230 2617 Non
249 2553 427 2636 laudamus,
441 2554 497 2619 scd
511 2560 620 2620 tamen
636 2556 770 2619 ferimus
785 2555 975 2640 paenultimi
994 2556 1085 2639 pedis
1101 2556 1300 2622 tribrachum

154 2660 188 2721 in
211 2659 262 2723 his
286 2683 314 2726 v.
334 2662 409 2724 447.
433 2662 506 2726 805.
530 2663 603 2726 970.
630 2663 731 2726 1128:

244 2783 334 2849 Meus
359 2787 469 2850 soruos
493 2787 546 2851 hic
569 2787 730 2870 quidemst
748 2786 875 2851 Tronio.
906 2786 933 2851 0
956 2786 1212 2872 Theopropides.

200 2889 331 2956 Soluom
355 2896 388 2955 te
412 2891 581 2959 arluenissa
604 2914 738 2978 peregre
763 2892 897 2977 gaudeo,
919 2892 1174 2978 Theopropidem

198 2995 402 3063 Pbssolaches
425 2998 479 3061 hic
503 2998 644 3081 hobitat,
668 2999 783 3082 quoius
807 3003 857 3063 ost
880 3005 972 3082 pater
994 2999 1248 3085 Theopropides.

198 3103 298 3170 lobeo
322 3109 353 3169 te
378 3106 512 3189 saluorc,
536 3108 569 3170 ct
593 3105 700 3169 saluos
726 3127 822 3188 quom
846 3104 993 3189 oduenis,
1016 3104 1269 3190 Theopropides.

154 3226 217 3291 Sed
239 3229 412 3294 bacchiaco
436 3252 531 3295 versu
555 3230 620 3295 784
644 3230 674 3293 h.
695 3252 720 3294 e.
744 3251 781 3294 eo
805 3229 876 3313 ipso
900 3229 933 3293 in
957 3251 1019 3313 quo
1044 3230 1129 3294 hanc
1154 3232 1295 3297 nominis

154 3333 291 3398 formam
315 3335 538 3400 commendare
560 3335 632 3401 ΑΒ
654 3336 812 3419 videntur,

241 3457 329 3523 Heus
354 3459 583 3544 Theoropidos.
615 3458 697 3524 Hem
722 3461 793 3544 quis
816 3457 869 3525 hic
892 3460 1040 3525 nominot
1062 3483 1114 3525 me

152 3583 228 3667 quid
251 3585 330 3649 fiet?
368 3584 429 3661 Qui
455 3585 607 3668 quamdiu
630 3608 696 3650 non
719 3590 770 3649 est
794 3585 833 3648 ad
858 3585 990 3650 alterius
1018 3566 1144 3650 lormae
1168 3611 1290 3654 mensu-

151 3712 221 3754 ram
240 3692 453 3775 probabiliter
472 3691 742 3776 accommodatus,
762 3693 864 3756 satius
883 3692 981 3756 fuerit
995 3713 1067 3756 eum
1084 3691 1290 3759 Lachmanno

149 3798 183 3861 in
207 3798 299 3863 Lucr.
321 3823 353 3883 p.
371 3800 436 3863 313
461 3822 476 3862 e
502 3800 722 3882 Θεωρωπίδης
745 3799 850 3863 forma
874 3798 1071 3882 praesidium
1095 3803 1206 3882 petere
1229 3806 1290 3864 tra·

150 3905 251 3968 laticii
274 3906 430 3990 nominis,
454 3906 538 3990 quod
563 3906 690 3989 quidem
713 3928 779 3969 non
801 3905 864 3970 ΟΒ
888 3909 1015 3968 tantum
1039 3909 1205 3971 testantur
1227 3907 1289 3970 ubi·

150 4032 224 4092 que,
252 4013 307 4075 sed
331 4012 364 4075 Β
392 4034 518 4095 quoque
547 4016 660 4096 quater
688 4013 721 4075 in
749 4012 829 4095 ipsis
858 4013 1004 4077 versibus
1033 4012 1210 4097 Plautinis,
1237 4035 1286 4076 no·

237 4204 262 4269 *l
288 4204 413 4258 Accessit
431 4205 529 4259 eadem
548 4205 638 4259 forma
657 4222 689 4257 ex
710 4223 734 4258 v.
751 4210 803 4259 970
822 4209 851 4260 et
870 4223 901 4258 ox
922 4221 1087 4260 scaenarum
1110 4204 1283 4274 inscriptione

149 4285 213 4348 post
233 4301 256 4334 v.
273 4290 323 4337 089
342 4316 368 4323 —
383 4284 430 4336 ubi
450 4285 522 4338 male
541 4299 771 4339 niiionnonmns
790 4285 918 4339 relietum
934 4288 979 4339 est
997 4302 1047 4355 pro
1070 4299 1282 4349 rnsoiionmns,

149 4362 1173 4435 quodcumlevioribuquibusdamvitiisp.XLVlIcorreximus-etpost
1183 4386 1205 4421 v.
1215 4368 1279 4418 1063.

223 4440 265 4509 **)
292 4443 417 4495 Eandem
436 4442 553 4496 formam
573 4446 600 4498 Β
619 4447 704 4499 etiam
724 4451 788 4499 aute
809 4465 833 4499 v.
849 4452 901 4499 532
921 4449 982 4500 tuat
1017 4488 1022 4500 .
