2910 5528
152 321 215 385 163
621 282 813 370 'APPuunlx
1152 319 1282 370 ιιι-ιιι

239 483 299 534 817.
319 478 396 533 dem:
416 480 448 531 ιιι
465 492 529 531 uere
548 477 576 530 te
595 475 755 530 Saracenos.
782 474 855 529 dem.
875 470 926 527 ΡΑ.
945 473 976 527 te
989 472 1118 543 Pylades
1145 472 1219 529 dem.
1235 472 1280 528 Pu

150 561 237 612 utere.
258 561 288 611 te
303 556 487 624 Camerarius,
505 555 710 610 Studemuudus
727 556 760 610 de
778 560 851 609 aaut.
866 570 897 622 p.
911 556 958 608 48.
982 552 1058 607 dem.
1076 550 1128 607 ΡΑ.
1143 554 1202 608 ium
1215 556 1283 608 utere

150 656 195 692 eo:
222 640 250 693 tc
273 637 310 691 u.
348 636 420 690 dem.
445 635 496 689 ΡΑ.
519 637 597 689 utere
621 635 682 704 (del.
706 635 745 701 to)
769 632 931 702 Speuaelius
955 630 1043 699 ‘Ilei’
1059 648 1092 701 p.
1110 635 1187 688 283:
1209 636 1282 701 ates.

150 714 600 780 Baccb.1143.Rud.1368,ol.
634 712 705 767 dem.
726 711 778 766 ΡΔ.
798 714 875 766 utere
894 713 925 765 tu
944 727 991 766 eo:
1010 712 1041 765 te
1065 711 1225 783 Vrsirsqiur:
1240 714 1282 769 ubi

149 814 238 852 uocem
260 797 425 867 dactylicam
448 796 480 848 io
502 794 614 848 bacchio
632 793 701 860 ferri
718 806 869 859 occupasse
886 793 994 845 monuit
1012 789 1166 863 Septim
1181 792 1216 848 do
1230 793 1283 862 ipse

152 879 204 946 (ael
223 877 307 945 ultro)
325 877 405 930 utere
423 875 465 928 id:
484 876 513 927 te
532 874 662 943 capitam.
695 870 787 926 Possis
804 872 866 925 tute
886 871 973 927 haber
991 872 1031 927 te.
1067 870 1137 927 Viae
1149 873 1238 942 praefi
1256 902 1282 913 -

152 957 248 1010 restim
271 956 313 1010 ocl
337 954 405 1009 resti
422 959 487 1023 post
510 950 636 1007 condono
659 951 724 1006 add.
747 949 884 1022 Beraler'us
904 949 1001 1020 Opust.
1023 951 1044 1003 I
1056 967 1090 1021 p.
1109 955 1166 1007 679
1186 958 1283 1022 poete

150 1037 285 1102 formulae
302 1036 443 1089 rotiouem.

241 1121 303 1170 818.
323 1113 381 1167 Iam
400 1113 457 1167 ium
473 1112 511 1165 do
524 1127 651 1181 pausem,
669 1110 824 1180 Paegnium
836 1126 855 1165 ιι
867 1126 916 1166 *ιι
933 1109 1066 1183 Girumu.
1097 1112 1166 1168 Post
1178 1128 1280 1183 poam

154 1194 281 1263 ‘exempli
303 1192 399 1247 cousa’
424 1208 507 1262 poree
534 1193 634 1245 misero
656 1191 746 1260 suppl.
769 1189 812 1257 u,
831 1207 885 1260 pro
904 1192 1007 1247 luem
1024 1192 1166 1262 accipitres
1181 1192 1282 1263 (perui)

151 1275 272 1343 spatium
285 1275 317 1326 lm
335 1270 398 1327 OD.
430 1271 524 1327 Trocb.
544 1271 608 1325 dim.
628 1271 728 1325 acatal.
742 1287 803 1326 cum
821 1270 924 1326 Weiolo
934 1272 1132 1341 praeferebant
1144 1271 1280 1343 &matu

151 1356 184 1408 cle
212 1353 302 1408 baccb.
326 1369 356 1420 p.
376 1357 416 1407 27
445 1357 469 1405 et
492 1350 696 1405 Studeruumdus
724 1352 757 1405 rte
779 1357 852 1405 camt.
870 1368 902 1420 p.
920 1355 958 1407 48
985 1353 1189 1422 inreoueutiun
1209 1367 1278 1423 pree

149 1434 287 1487 ulmetium.
324 1432 364 1487 At
386 1433 486 1486 rectius
504 1430 665 1500 Speuaclius
679 1433 884 1500 paroauioeum
897 1432 1123 1500 praecocum
1139 1432 1277 1489 dausub

148 1513 293 1583 sipmifieat.

240 1597 301 1645 819.
317 1583 369 1645 ille
394 1589 441 1659 qui
463 1607 564 1660 supero
586 1594 637 1646 nbs
659 1590 747 1646 hebet
772 1589 915 1644 Palmeneo
934 1588 1046 1646 ‘Jourm
1066 1590 1102 1658 os
1110 1590 1194 1661 ptsl’
1214 1588 1281 1644 XVI

153 1674 249 1739 (1887)
264 1688 294 1740 p.
310 1675 347 1725 38
364 1687 421 1725 mou
439 1672 517 1726 morlo
532 1677 642 1742 praeter
659 1670 850 1736 recessuum,
867 1670 914 1725 oed
927 1671 1009 1725 eliam
1019 1675 1133 1740 praeter
1142 1670 1278 1740 probabili·

153 1757 234 1807 tatem
253 1752 300 1818 (cs.
319 1753 356 1805 acl
376 1750 454 1806 (Iure.
474 1755 547 1818 477).

239 1837 299 1886 821.
319 1832 363 1886 Dc
383 1831 471 1886 libere
491 1833 628 1902 copitobat
646 1831 777 1902 Scalioer,
794 1832 828 1887 <le
845 1845 930 1900 puore
948 1830 1062 1886 Dauom
1080 1829 1116 1898 ef.
1137 1829 1278 1886 Punmu

153 1910 250 1981 Spicil.
265 1928 295 1980 p.
315 1914 378 1966 742.

241 1995 300 2044 824.
321 1991 455 2045 Peaeum
472 1991 573 2045 tribuit
591 2007 652 2045 oum
667 1991 826 2046 Camerario
844 1991 988 2060 uertique
1002 1988 1033 2042 Il
1050 1990 1171 2059 neclecta
1184 1990 1238 2045 Db.
1249 2019 1276 2028 —

152 2068 311 2124 sulticulum
335 2069 417 2125 Valla
439 2072 577 2137 refutante
600 2070 744 2125 Sororem.
766 2101 798 2110 -
822 2070 884 2125 dem
907 2086 959 2140 pro
982 2069 1051 2126 olim
1074 2070 1207 2142 Pyladem
1226 2075 1278 2123 mu

152 2149 219 2203 olim
235 2151 391 2217 Acidaliuo,
408 2150 564 2204 Palmarius
577 2166 604 2217 p.
619 2153 676 2204 877
688 2150 771 2217 refut.
786 2150 924 2206 Lambiuo
937 2149 1100 2220 Botbioque.
1130 2151 1173 2219 Of.
1189 2151 1277 2205 Τιιιιιι

153 2231 202 2283 bus
221 2231 334 2284 Adsere.
351 2229 455 2282 XVII
468 2235 513 2294 10,
533 2228 693 2283 XVIIII.
714 2259 746 2268 —
765 2228 795 2283 V.
815 2234 867 2283 82⁶
890 2229 944 2284 tibi
967 2228 993 2282 si
1010 2231 1075 2284 trai.
1095 2229 1278 2286 Fuctutmu.

241 2314 301 2363 826.
321 2306 389 2362 olim
410 2325 492 2376 quem
511 2308 651 2364 Diodorus
667 2309 697 2363 Β
716 2309 872 2379 obloquente
889 2308 1023 2365 Koeblero
1042 2309 1076 2364 de
1092 2315 1192 2381 repleri.
1209 2309 1278 2364 troci.

146 2406 176 2458 p.
197 2395 222 2443 5.
243 2394 285 2443 10.

242 2472 302 2522 827.
323 2467 371 2522 SA.
390 2467 476 2522 etiitm
494 2467 580 2523 mutis
601 2466 788 2537 Camerarius,
807 2469 844 2525 u.

241 2553 302 2602 829.
322 2547 379 2602 Iam
395 2549 445 2603 del.
460 2547 489 2601 It
500 2549 637 2617 probante
651 2547 778 2604 Richtero
790 2567 818 2618 p.
830 2555 932 2619 458sq.
947 2550 1053 2605 aloem
1068 2550 1167 2620 ‘atque
1179 2565 1281 2622 aequm

148 2630 342 2700 pyrrhichium
358 2630 488 2695 uidetur',
510 2644 561 2697 pro
580 2644 633 2697 quo
652 2645 740 2698 seque
754 2628 885 2701 Scaliger,
904 2629 1064 2685 utIler'cius
1081 2632 1158 2696 (deiri
1175 2628 1280 2684 obmuti-

156 2710 220 2763 loeti
239 2712 319 2777 corr.)
339 2708 520 2778 Batiiiusque,
541 2725 577 2761 au
595 2710 636 2762 oel
654 2725 687 2763 oc
706 2709 864 2780 Spemqelius
884 2710 915 2763 Τ.
931 2709 971 2763 M.
986 2710 1019 2765 Ρ.
1037 2727 1066 2779 p.
1083 2716 1123 2766 78
1141 2717 1219 2782 atque
1233 2710 1278 2762 ebo

152 2808 187 2842 au
207 2806 262 2857 pro
285 2788 378 2842 hercle
404 2793 488 2856 etque
510 2790 661 2843 Muellerus
681 2788 819 2843 ‘Naebtm’
841 2807 871 2858 p
891 2794 927 2844 40
944 2790 991 2859 (cf.
1012 2791 1092 2845 Pros.
1109 2808 1140 2860 p.
1159 2791 1279 2858 twin-

147 2869 284 2936 probaute
303 2868 439 2922 Rieletero.
477 2870 593 2936 etquet
593 2888 610 2922 ιι
629 2870 679 2923 del.
700 2868 830 2938 Guyetus.

244 2953 303 3001 830.
324 2950 382 3000 etus
407 2948 452 3001 hic
470 2948 614 3017 geminust
631 2949 671 3002 uel
690 2947 736 3001 hic
755 2950 797 3002 est
815 2947 874 3002 eius
888 2950 1046 3004 Broudtius
1063 2951 1097 3006 de
1115 2957 1199 3021 acuet
1213 2968 1240 3021 p
1252 2952 1279 3003 54

153 3030 198 3093 (cf.
218 3027 385 3081 Luclisius
374 3045 405 3080 eu
424 3028 543 3082 Studem.
563 3029 642 3083 stou.
657 3029 679 3081 I
689 3045 718 3097 p.
735 3030 808 3096 346).
825 3060 856 3069 -
877 3028 986 3083 hiccine
1005 3031 1066 3096 (olel.
1087 3033 1143 3098 est)
1164 3031 1281 3101 Guyesu

151 3108 276 3161 Botltius.
317 3105 358 3171 Of.
382 3107 543 3176 Spempelius
569 3109 597 3161 Τ.
619 3107 672 3169 Mc
680 3109 714 3161 P.
734 3124 764 3176 p.
785 3113 840 3163 108
858 3110 936 3174 adm,
959 3110 1168 3166 Studemuudus
1189 3109 1280 3165 Arrol-

147 3188 218 3254 pbil.
238 3186 351 3240 CXIII
369 3203 396 3254 p.
416 3191 460 3252 70,
485 3188 627 3242 Palourus
652 3188 750 3243 ‘Closs
774 3189 880 3244 reoiera'
902 3188 961 3242 III
981 3192 1127 3260 (u1839)
1149 3208 1177 3260 p.
1196 3196 1235 3244 75.
1254 3218 1279 3228 -

158 3267 186 3319 l'.
207 3271 256 3321 831
280 3265 333 3330 Qui
351 3268 380 3320 te
398 3267 530 3336 perduint
549 3267 681 3337 Guyetus.

240 3351 299 3400 832.
321 3346 392 3399 Nom
407 3346 460 3415 ego
474 3346 519 3400 ll:
538 3349 572 3413 οἱ.
588 3345 738 3402 Muellerus
750 3365 778 3417 p.
793 3353 859 3403 662.
871 3378 905 3388 -
920 3347 1003 3416 euim,
1023 3347 1084 3403 illie
1101 3349 1179 3418 quod
1190 3346 1281 3403 meruit

151 3425 274 3480 Botbius.

241 3509 300 3559 838.
327 3505 395 3559 Suo.
415 3523 537 3575 praescr.
561 3505 705 3576 Vssimpius
727 3510 762 3576 (et
784 3505 833 3560 Το.
858 3506 931 3576 nisi).
957 3537 990 3547 -
1015 3507 1101 3578 Agite
1126 3508 1207 3563 sultis
1227 3503 1279 3576 (oet.

152 3586 377 3653 insultaretur,
395 3585 455 3654 Age
476 3585 557 3640 sultis
576 3587 649 3639 huno
665 3587 783 3642 Botbius
798 3593 901 3656 postea,
920 3588 983 3642 item
996 3585 1027 3640 Ἠ
1046 3588 1152 3643 adderes
1167 3589 1280 3653 ‘factm

149 3666 219 3719 uere’
245 3667 381 3720 traiecisse
406 3666 554 3735 Guyetum:
582 3668 653 3735 quod
675 3667 854 3720 vindicarunt
877 3665 1029 3721 Muellerus
1051 3683 1081 3736 p.
1103 3672 1152 3735 52,
1174 3667 1279 3721 Briciur

150 3744 255 3798 Aureol.
273 3745 340 3812 phil.
358 3743 400 3797 01
415 3761 443 3812 p.
459 3749 521 3810 771,
536 3747 571 3800 al.
587 3777 616 3784 -
632 3744 686 3800 nisi
704 3763 759 3800 uon
779 3744 902 3815 dignust.
921 3743 969 3800 SA.
989 3761 1046 3799 non
1066 3752 1152 3815 opust
1166 3746 1278 3800 Cancro·

148 3825 209 3878 rius
227 3825 348 3892 itemque,
366 3824 413 3878 sed
431 3841 504 3877 nune
523 3827 607 3895 opust
622 3825 754 3896 Guyctus.
781 3824 835 3878 nisi
854 3826 877 3879 si
896 3824 1043 3895 indignum
1059 3828 1105 3879 est
1120 3830 1224 3896 (posteo
1236 3822 1280 3878 uiu'

150 3920 204 3956 uon
225 3906 269 3956 est
287 3903 408 3970 dignus).
439 3905 487 3957 SA.
507 3921 579 3959 nuno
600 3908 684 3975 opust
702 3906 828 3960 Botbiuo.

238 3989 298 4036 834.
320 3988 363 4036 est
376 3984 426 4037 del.
439 3985 557 4039 Botbius
571 3986 647 4053 (delm
660 3986 729 4052 quie
742 4001 777 4039 ue
792 3993 817 4040 et
830 3984 1026 4041 inconcilisuit
1039 4003 1103 4042 cum
1118 3988 1281 4047 camaria),

149 4076 181 4113 oo
201 4060 244 4127 ut,
268 4080 324 4116 non
348 4061 480 4117 Weisius:
504 4070 553 4118 out
576 4066 625 4120 boc
648 4071 697 4119 aut
721 4082 754 4120 eo
774 4071 798 4119 et
816 4066 883 4134 quis.
906 4066 1116 4136 Vssimaiusa-
1081 4069 1203 4137 -quio
1219 4063 1279 4120 huoi

148 4157 192 4194 me
215 4141 410 4196 inconciliuuit
433 4145 462 4197 te
485 4146 622 4199 ementem
647 4145 778 4216 Guyetuo.
817 4144 858 4211 Os.
883 4145 1035 4215 Lamoeuus
1059 4145 1174 4201 ‘Beitr’
1192 4164 1219 4216 p
1235 4145 1279 4198 18³

148 4226 171 4272 et
191 4219 216 4271 I
218 4237 342 4275 orenzruo
361 4223 398 4275 od
416 4223 532 4278 Mostell.
553 4229 614 4279 613.

237 4306 296 4355 835
317 4300 367 4355 Lu.
387 4301 527 4359 At.tumou
552 4306 602 4358 To
622 4323 677 4360 non
697 4309 800 4360 ιιιιιιιιιι.
821 4321 889 4360 caue
909 4304 1039 4375 Pylades,
1055 4307 1212 4363 Acidaliur
1236 4303 1275 4357 LE

148 4379 280 4431 Attamen
297 4410 329 4419 —
345 4380 395 4435 Το.
416 4398 470 4436 nou
490 4386 628 4440 attamen:
649 4402 717 4440 caue
733 4384 856 4450 Reieius,
874 4384 1002 4451 Botbius,
1020 4383 1058 4439 It.
1087 4384 1139 4442 Lu.
1153 4386 1275 4441 Διιιιιιιι.
