2910 5528
553 750 758 809 PRAEFATIO
1185 748 1224 804 IX

71 921 233 1004 exemplis
259 920 327 985 illis
349 919 574 1004 persuadetur,
597 920 651 984 ubi
674 919 782 984 verbis
806 918 841 982 in
863 915 1061 1000 integritatis
1086 917 1224 1000 speciem

71 1027 259 1093 contractis
282 1027 418 1093 lacunae
441 1026 578 1111 vestigia
597 1027 771 1091 obscurata
794 1029 878 1109 sunt,
902 1026 939 1088 ut
962 1046 991 1088 v.
1010 1023 1075 1088 644
1090 1045 1136 1107 sq.
1160 1023 1225 1088 804

72 1131 247 1219 (similiter
269 1138 366 1218 atque
390 1157 419 1198 v.
439 1134 534 1199 1123.
560 1133 656 1216 1144,
679 1128 794 1218 alibi)'.

169 1238 231 1304 His
263 1262 346 1324 quae
373 1238 573 1305 Ritsehelius
604 1240 713 1322 posuit
740 1237 886 1324 vestigiis
918 1237 1073 1302 insistens
1083 1234 1117 1322 *)
1149 1259 1226 1301 non-

72 1346 171 1412 nulla
195 1349 377 1413 accuratius
400 1347 581 1432 certiusque
605 1345 751 1410 definivit
775 1343 949 1428 Seyffertus
978 1344 1013 1408 in
1035 1343 1226 1428 Ephemeri-

73 1453 175 1518 dibus
199 1452 407 1539 philologieis
429 1476 448 1518 a
467 1474 501 1517 se
520 1452 721 1538 Belgeroque
745 1451 841 1516 editis
860 1447 924 1514 XII
944 1472 971 1515 a
986 1446 1226 1515 Muceexefl

73 1581 108 1624 n.
130 1561 148 1625 'l
174 1564 208 1625 et
230 1562 251 1626 8
278 1559 552 1626 551194-196.
576 1559 649 1623 221.
674 1559 867 1624 225-228.
891 1557 956 1622 253
971 1579 1017 1642 sq.
1058 1554 1123 1622 Vbi
1153 1577 1226 1635 cum

75 1665 183 1730 multa
212 1671 304 1731 55155
332 1687 460 1731 omnem
490 1664 726 1729 dubitationem
754 1664 913 1749 posuerit,
941 1663 978 1727 de
1003 1662 1076 1728 aliis
1106 1664 1227 1728 iustam

76 1771 318 1839 dubitationem
334 1772 437 1838 movit
452 1771 722 1837 Gundermannus
737 1772 856 1836 ibidem
875 1794 905 1836 n.
923 1771 963 1836 19
978 1773 1011 1835 et
1024 1771 1068 1835 20
1087 1771 1147 1836 col.
1162 1770 1226 1836 578

77 1878 203 1945 —580.
225 1879 412 1965 610-612,
436 1878 490 1965 qui
513 1881 623 1943 tamen
646 1879 714 1963 ipse
735 1900 861 1963 quoque
884 1900 949 1942 non
969 1877 1058 1943 omui
1077 1899 1115 1941 ex
1134 1881 1227 1960 parte

76 1985 252 2071 satisfecit,
270 1986 433 2050 utstatim
449 1982 627 2070 Seyffertus
644 1986 771 2050 monuit
789 1985 823 2048 in
838 1984 1057 2050 additamento
1078 1985 1225 2049 551612.

77 2092 145 2158 657
172 2092 333 2159 adiuncto.
375 2092 480 2168 Quare
504 2114 576 2156 cum
600 2092 682 2157 mihi
705 2092 862 2176 quaedam
892 2093 987 2156 aliter
1012 2090 1227 2174 diiudicanda,

77 2221 146 2264 non
168 2222 273 2285 pauca
292 2221 367 2266 vero
392 2199 560 2264 adicienda
583 2220 652 2263 esse
671 2199 849 2282 videantur,
872 2200 970 2283 paulo
993 2198 1098 2262 fusius
1121 2200 1226 2263 totam

78 2308 305 2390 quaestionem
328 2327 512 2391 persequar.

171 2412 287 2498 ltaque
310 2415 386 2478 aute
410 2412 520 2477 omnia
542 2410 717 2495 Seyffertus
742 2411 885 2496 ‘septem
907 2412 1102 2497 paginarum
1126 2411 1227 2476 conti·

79 2517 239 2584 nuarum’
261 2520 395 2584 lacunas
415 2523 529 2583 octava
549 2519 599 2582 vel
619 2519 727 2601 potius
747 2518 852 2602 prima
870 2539 1003 2602 augens,
1027 2541 1123 2603 quam
1143 2519 1225 2583 miro

79 2649 159 2692 casu
187 2627 221 2690 in
248 2629 422 2710 conspectu
447 2647 544 2709 supra
571 2625 678 2709 posito
703 2623 782 2710 (non
807 2625 841 2688 in
865 2626 936 2709 ipsa
960 2622 1117 2706 editione)
1149 2646 1225 2710 neg·

78 2733 207 2797 lexerat
232 2732 444 2814 RitscheliuS,
467 2753 539 2796 cum
563 2753 602 2794 ex
630 2730 752 2795 lacunis
777 2731 838 2795 sibi
862 2731 1132 2814 respondentibus
1155 2735 1225 2795 tum

68 2862 120 2903 ex
144 2839 294 2922 partibus
321 2838 407 2902 inter
434 2859 468 2900 se
497 2836 640 2900 traiectis
668 2836 800 2919 plenum
824 2838 1069 2919 quaternionem
1098 2838 1227 2902 refinxit

78 2948 169 3011 hunc
193 2942 420 3031 (crassioribus
444 2943 585 3008 numeris
610 2964 720 3007 versus
744 2944 914 3008 lacunosos
939 2942 1149 3028 exprimens):

10 3093 12 3103 ›
70 3069 91 3124 1.
112 3065 270 3122 555-555.
284 3064 644 3136 555555-5555-55.
660 3065 715 3135 ers

10 3193 12 3206 ·
57 3176 92 3231 5.
114 3179 256 3230 555-55
268 3171 435 3242 (555-555.
451 3170 693 3226 assesso-sel.
709 3171 765 3226 555

10 3298 14 3310 ’
42 3281 91 3336 111.
113 3279 269 3334 soe-574.
285 3279 350 3334 575.
365 3278 606 3334 evexere-ebe.
622 3279 687 3333 eet.
702 3280 759 3335 ebe

10 3404 13 3411 ’
42 3388 1359 3446 17.θοι-555555.615-5555551555-555.555-555.555555533-535545.5535555555

10 3540 13 3549 .
56 3503 90 3558 v.
110 3508 263 3558 scr-ceo.
278 3506 338 3556 555.
354 3508 414 3555 55.
430 3507 489 3556 cel.
505 3508 564 3556 555.
581 3507 728 3556 oso-eae.
745 3508 882 3555 coa-ece
894 3517 903 3557 ε
915 3509 974 3558 555.
991 3510 1050 3558 555.
1066 3511 1206 3559 555-555

10 3641 14 3659 .
43 3610 90 3665 VL
112 3608 434 3678 555-55555545.
452 3606 516 3664 704.
534 3608 587 3663 555
599 3622 609 3663 2
621 3615 768 3663 roo-721.
785 3615 843 3663 741.
860 3615 1000 3665 iss-rso

10 3748 15 3771 5
32 3715 91 3769 Vll.
112 3721 174 3770 726.
191 3716 278 3785 72718.
294 3720 442 3770 iae-740.
459 3714 521 3770 742.
540 3715 602 3769 743.
620 3714 675 3770 744
686 3730 695 3770 r
708 3721 781 3771 745-
797 3717 860 3771 763.
878 3716 940 3771 764.
958 3717 1012 3770 cce

10 3821 97 3877 »Vlll
119 3821 274 3877 ree-788.
292 3821 355 3878 784.
372 3822 427 3877 785
438 3835 448 3878 c
459 3827 597 3877 rso-801

169 3999 195 4068 ⁸)
223 4001 326 4056 Fateor
349 4018 404 4068 mo,
426 4017 488 4054 cum
508 3999 628 4055 similem
649 4001 682 4054 de
706 4000 841 4056 Rudentis
869 4003 975 4057 lacunis
1003 4004 1227 4058 observationem

77 4081 267 4137 instituissem
288 4098 320 4135 ac
339 4079 446 4150 publici
466 4079 534 4135 iuris
554 4082 690 4148 fecissem,
710 4083 792 4151 plane
807 4084 926 4137 oblitum
941 4084 1025 4137 luisse
1046 4082 1147 4136 similis
1163 4101 1227 4137 eon-

78 4162 200 4218 dicionis
216 4164 246 4216 in
259 4160 432 4216 Mostellaria
447 4161 551 4214 dudum
568 4163 712 4229 multoque
728 4163 896 4217 luculentius
911 4164 1127 4217 demonstratae.
1148 4162 1227 4226 Quod

78 4260 144 4296 cum
171 4241 323 4311 Seyffertus
342 4241 371 4294 in
397 4258 514 4294 censure
540 4240 799 4311 animadvertisset,
823 4243 912 4297 nihilo
939 4242 1030 4296 minus
1054 4243 1083 4295 in
1108 4242 1226 4310 ampliti-

78 4323 170 4377 canda
193 4321 388 4377 observatione
408 4320 442 4374 de
462 4319 591 4388 Casinae,
610 4321 723 4389 Persae,
743 4322 861 4376 aliarum
885 4322 1043 4375 fabularum
1063 4320 1170 4374 lacunis
1190 4320 1225 4372 ad

77 4403 215 4456 scissuras
235 4403 402 4470 fissurasque
422 4399 585 4455 revocandis
604 4401 807 4456 Mostellariam
827 4403 953 4455 consulto
978 4400 1144 4470 posthabui,
1164 4416 1226 4453 cum

78 4500 135 4535 non
154 4482 231 4536 idem
251 4480 345 4536 valere
364 4482 399 4535 de
419 4480 549 4534 omuibus
569 4481 769 4551 intellegerem.
808 4484 893 4549 quue
913 4482 972 4549 ipse
993 4481 1143 4550 Seyffertue
1164 4497 1226 4534 cou-

77 4563 216 4631 firmarit‚
245 4559 306 4633 qui,
331 4578 394 4614 cum
422 4560 614 4616 Mostellariae
642 4564 756 4617 lacunas
790 4563 825 4617 ad
854 4562 917 4614 XXI
946 4578 1075 4614 versuum
1108 4561 1226 4630 paginas

76 4643 239 4697 certissima
264 4639 475 4710 computatione
503 4645 659 4710 revocaret,
686 4660 740 4697 555
770 4643 859 4696 minus
886 4646 991 4696 certum
1018 4643 1068 4695 XX
1097 4658 1227 4696 versuum

75 4741 226 4778 numerum
251 4725 279 4776 in
304 4721 406 4776 Casina
429 4739 488 4776 esse
512 4723 650 4776 concessit
678 4723 856 4793 singulosque
880 4722 990 4777 fabulas
1015 4739 1137 4776 seorsum
1161 4738 1226 4789 per-

75 4804 195 4859 tractari
219 4803 321 4857 debere
340 4803 369 4855 in
393 4803 465 4856 hauc
491 4818 548 4855 rem
573 4802 697 4858 intentos
721 4803 831 4858 monuit
850 4820 957 4857 5555555
983 4803 1157 4858 consentiens
1180 4801 1225 4872 (ef.

76 4884 141 4941 Cae.
161 4883 248 4954 praef.
269 4901 296 4952 p.
312 4882 350 4935 IX
368 4881 452 4952 adm).
