2910 5528
109 39 1099 298 u

621 732 825 787 PRAEFATIO
1109 787 1113 797 ,
1223 755 1297 800 xxv

243 895 322 962 Cum
344 895 370 961 C
394 902 503 961 autem
526 918 658 979 prorsus
678 896 841 960 consentit
859 894 898 978 D,
921 918 940 960 a
964 895 1150 960 leviusculis
1169 896 1298 980 quibus·

155 1005 226 1070 dam
249 1004 345 1068 rebus
369 1004 398 1066 si
422 1002 614 1084 discesseris,
639 1024 718 1086 quas
743 1000 897 1066 adnotare
921 1003 1038 1066 taedet.

239 1109 356 1174 Restat
384 1114 422 1173 ut
444 1106 600 1172 addamus
624 1129 705 1191 quae
728 1106 918 1191 corrigenda
942 1108 993 1171 vel
1019 1107 1199 1193 supplenda
1227 1129 1296 1173 esse

152 1215 347 1301 videntur.*)

240 1322 289 1387 De
321 1322 458 1407 prologo
491 1320 529 1385 of.
561 1324 689 1403 praeter
713 1341 767 1383 eos
798 1341 878 1402 quos
907 1322 1229 1385 commemoravimus
1258 1321 1297 1384 cf.

152 1429 302 1513 Martius,
330 1429 460 1505 Quaest.
484 1427 544 1509 Pl.,
572 1427 621 1490 ed.
644 1425 738 1489 Halis
763 1449 791 1491 a.
817 1427 901 1491 1879
931 1450 960 1510 p.
986 1428 1027 1493 12
1043 1450 1106 1511 sq.;
1132 1426 1298 1492 Schuethii

151 1541 185 1600 et
207 1535 402 1620 Langrehrii
425 1533 527 1598 libelli
551 1555 649 1616 supra
673 1533 923 1597 commemorati.

241 1642 281 1708 In
308 1641 440 1725 Prologi
474 1663 503 1704 v.
533 1640 576 1704 43
614 1639 730 1703 veteris
763 1639 881 1703 codicis
913 1640 1105 1724 scripturam
1133 1639 1299 1705 amabilitas

157 1750 199 1814 ab
219 1747 396 1813 editoribus
410 1768 475 1810 non
490 1746 601 1829 paucis
617 1745 694 1808 olim
708 1749 870 1827 receptam
887 1768 972 1810 nunc
985 1746 1169 1830 improbare
1184 1746 1297 1811 solent.

155 1854 248 1932 Quod
275 1857 387 1918 contra
414 1875 475 1917 nos
502 1853 639 1936 probam
668 1872 840 1934 veramque
870 1851 1002 1915 eandem
1030 1873 1099 1916 esse
1124 1873 1299 1916 censemus.

160 1962 225 2027 Tot
248 1961 334 2026 enim
357 1959 618 2024 testimoniorum
643 1958 726 2021 libro
751 1957 798 2021 illi
823 1961 945 2041 optimo
970 1958 1093 2023 aceedit
1116 1959 1301 2042 auctoritas,

157 2072 194 2132 ui
207 2067 413 2130 librariorum
429 2087 551 2129 merum
567 2064 618 2128 vel
632 2085 772 2128 errorem
783 2064 834 2127 vel
844 2086 938 2128 usum
948 2065 1114 2149 vulgarem
1124 2085 1300 2150 agnoscere

157 2173 211 2238 vix
235 2172 407 2257 possimus.
443 2171 494 2234 En
518 2170 635 2251 habas,
659 2192 740 2253 quae
764 2170 966 2254 collegimus:

248 2278 378 2342 Afranii
400 2301 429 2342 v.
456 2277 516 2341 161
530 2297 575 2359 sq.
599 2272 644 2360 (p.
666 2277 729 2340 184
745 2298 790 2359 sq.
815 2276 863 2341 ed.
885 2274 1027 2364 Ribb.²):
1044 2278 1159 2360 pistari
1181 2278 1300 2342 erubui?

155 2386 211 2450 cair
223 2405 288 2450 aaa
305 2383 555 2465 scribtitoirio,
579 2382 618 2447 Vt
635 2384 738 2445 mittut
753 2383 865 2461 fratris
877 2384 949 2462 filio
963 2384 1161 2448 irretiendos?
1191 2381 1301 2466 Nonii,

155 2491 212 2576 qui
234 2511 344 2554 versus
362 2490 484 2573 attulit,
507 2487 598 2554 codd.
616 2487 660 2551 W
681 2492 713 2551 et
731 2487 922 2554 Parisiansis
942 2489 967 2552 P
984 2491 1191 2570 scribilitario,
1214 2490 1300 2573 quod

152 2596 373 2681 recipiendum
397 2618 470 2661 cum
493 2594 528 2659 L.
552 2593 706 2658 Muellero
731 2595 769 2657 de
793 2617 826 2659 re
851 2618 891 2658 m.
915 2619 945 2678 p.
969 2596 1043 2660 359.

244 2703 405 2766 Martialis
437 2701 487 2765 ΙΙΙ
523 2703 576 2778 17,
612 2704 644 2764 1:
682 2702 863 2765 circumlato
895 2704 949 2767 diu
981 2705 1095 2767 arensis
1125 2704 1301 2769 scriblita

153 2807 353 2895 semidiem
383 2809 494 2875 Urebat
516 2808 613 2871 rrirrr-io
635 2827 730 2870 saeuo
752 2808 852 2871 colore
873 2829 993 2872 mauris.
1026 2809 1077 2872 lbi
1101 2811 1225 2894 antiqui
1249 2834 1299 2876 co·

155 2916 243 2982 dicas
263 2938 364 3000 paene
384 2937 494 2979 omnes
513 2915 664 2978 scribitiio
680 2943 719 2963 =
735 2914 893 2995 scribilita,
917 2936 987 2976 eum
1009 2916 1139 2979 alterins
1158 2917 1300 2981 familiae

157 3023 317 3087 memoria
340 3021 393 3105 (cf.
417 3020 681 3085 Schneidewinus
706 3019 801 3083 Anal.
826 3043 855 3102 p.
880 3020 959 3105 699)
984 3021 1027 3084 sit
1050 3023 1206 3105 iuscripta

243 3127 415 3192 Petronius
439 3151 466 3192 e.
488 3128 532 3191 35
555 3125 599 3210 (p.
624 3127 676 3207 38,
702 3126 718 3188 1
744 3124 861 3189 Bacch.
885 3127 932 3190 ed.
956 3125 1095 3213 maior.):

289 3235 463 3299 scirrbr'ttitu
487 3233 553 3296 eod.
576 3232 811 3316 Traguriensis.

244 3341 335 3405 Idem
360 3361 384 3404 c.
409 3341 451 3403 66
475 3362 504 3421 p.
530 3340 581 3420 rs,
607 3339 647 3401 19
671 3339 832 3403 seiribilito
857 3337 949 3402 idem.

290 3447 408 3509 ibidem
433 3447 476 3508 20
499 3445 662 3509 sciribitita
685 3444 779 3509 idem.

246 3551 382 3616 Videtur
401 3551 497 3614 etiam
520 3571 537 3612 e
557 3550 725 3634 glossariis
750 3552 853 3615 simile
874 3553 949 3635 quid
970 3555 1036 3636 peti
1051 3577 1153 3637 posse.
1196 3555 1234 3619 ln
1251 3578 1301 3618 ex-

229 3728 255 3796 *)
277 3728 368 3781 Nullis
388 3724 525 3780 machinis
544 3725 653 3778 efficere
673 3723 762 3793 potui,
782 3733 813 3778 ut
832 3726 929 3778 erratis
949 3744 1060 3794 prorsus
1080 3734 1193 3781 vacaret
1212 3728 1301 3780 Stichi

156 3824 232 3878 quae
252 3825 340 3876 nuper
358 3805 464 3876 prodiit
483 3804 577 3858 editio.
616 3804 796 3857 Leviusoulos
822 3821 939 3870 errores,
963 3806 1011 3872 qui
1034 3805 1161 3874 legentes
1180 3822 1234 3858 non
1254 3806 1302 3858 im-

154 3887 289 3958 pediunt,
314 3888 450 3955 corrigere
471 3883 548 3938 nolo:
573 3884 703 3953 graviora
721 3883 856 3949 quaedam
877 3901 948 3951 quae
968 3887 1075 3953 etipse
1094 3886 1187 3940 inveni
1206 3888 1235 3938 et
1254 3885 1303 3939 alii

155 3967 401 4034 investigaverunt
428 3967 480 4018 hoo
504 3964 565 4018 loco
590 3962 764 4016 emendanda
789 3978 848 4014 esee
872 3963 972 4016 censui.
1014 3963 1046 4015 V.
1072 3972 1121 4018 311
1147 3965 1209 4017 adn.
1236 3969 1302 4020 ante

155 4059 301 4100 ArsPEDEs
319 4053 343 4099 et
362 4045 516 4109 intercidit;
536 4060 625 4110 neque
646 4039 718 4095 enim
739 4041 839 4094 desunt
857 4043 942 4095 verba
956 4059 994 4095 aa
1008 4043 1105 4108 ezraita
1125 4063 1150 4098 v.
1166 4051 1218 4098 llo
1238 4045 1301 4099 adn.

159 4125 264 4179 scribe:
284 4126 332 4179 Sic
346 4128 383 4192 Α,
401 4127 459 4179 rusi
477 4126 549 4193 quod
567 4137 629 4188 aar
649 4127 672 4175 et
693 4133 826 4187 inorr023
847 4139 872 4176 v.
888 4120 960 4174 ssaA
979 4121 1065 4175 habet
1079 4138 1188 4190 Qnrco;;
1210 4143 1234 4178 v.
1250 4131 1302 4178 418

158 4222 212 4275 pro
229 4206 329 4273 reliqui
348 4222 407 4259 cam
426 4207 453 4258 A
473 4205 535 4272 lege
554 4203 653 4270 reliqui
667 4207 777 4268 praeter
797 4201 837 4264 A;
856 4201 880 4253 A
899 4201 972 4253 enim
994 4215 1092 4255 assor:
1111 4208 1185 4256 reete
1204 4202 1302 4267 habet;

161 4302 188 4338 v.
205 4288 255 4337 687
271 4283 301 4337 in
314 4283 337 4336 B
353 4283 457 4338 codicis
472 4283 591 4337 lectione
606 4282 674 4334 milri
687 4283 751 4348 post
765 4286 864 4348 eportet
877 4296 968 4333 errore
984 4280 1117 4334 omissum
1132 4285 1189 4347 est;
1208 4301 1235 4335 v.
1254 4289 1301 4336 192

158 4381 211 4419 scr.
231 4365 347 4438 cenassit
363 4361 431 4429 01),
450 4380 505 4416 non
519 4362 593 4424 BD;
614 4365 665 4412 639
685 4361 760 4411 lutus
778 4361 846 4412 milri
859 4361 916 4412 ium
930 4359 1001 4428 ΕΖ,
1021 4376 1076 4413 non
1091 4361 1192 4415 DFZ.
1225 4362 1302 4417 Haeo

157 4443 259 4497 omnia·
272 4442 355 4497 facile
375 4443 476 4512 corrigi
496 4444 655 4511 potuerunt.
691 4437 781 4491 Multo
800 4439 890 4509 magis
911 4439 992 4492 doleo
1011 4441 1085 4507 qnod
1105 4460 1130 4509 p.
1150 4442 1174 4494 x
1195 4444 1302 4510 praela-

157 4521 245 4575 tionis
264 4523 473 4584 demonstratores
492 4523 609 4576 iormam
629 4516 738 4585 reliqui,
759 4519 886 4584 quamvis
906 4519 963 4587 ipse
979 4517 1149 4574 Ritschelius
1168 4522 1197 4574 in
1216 4524 1302 4590 praei.

159 4599 293 4654 Pseuduli
319 4603 490 4657 correxisset.
532 4602 636 4654 Horum
660 4597 747 4666 igitur
771 4599 924 4652 erratorum
952 4599 1062 4653 veniam
1086 4603 1164 4669 peto,
1189 4618 1240 4654 neo
1263 4601 1303 4656 in·

162 4680 308 4749 dignabor,
329 4681 352 4734 ei
371 4681 407 4735 ab
426 4681 489 4734 aliis
507 4677 672 4749 castigabor.
1182 4680 1213 4735 G.
1234 4681 1265 4736 G.

231 4761 271 4827 ³³⁸)
293 4760 369 4815 Inter
392 4780 503 4816 mensae
529 4762 667 4816 secundae
692 4762 812 4816 bellaria
832 4760 985 4816 scriblitam
1005 4760 1049 4814 vel
1068 4759 1236 4816 scribilitum
1258 4763 1301 4831 (cf.

157 4840 242 4907 infra)
262 4841 395 4895 exhibent
413 4842 549 4911 glossaria
568 4841 712 4911 bilinguia.

212 4939 308 4978 Pravrr
324 4940 451 4981 eoas-vivs
1036 4929 1091 4983 Μ’*
