2910 5528
135 39 1109 295 -

152 705 293 753 664-678
631 697 816 751 APPENDIX
1228 700 1290 763 157

243 863 302 914 664.
322 856 439 912 Venisse
467 857 525 925 hie,
554 855 646 911 aderit
668 856 713 910 hie
737 857 841 911 Douea.
861 887 894 897 -
920 858 1049 926 Venisse,
1078 857 1169 912 aderit
1192 859 1239 912 hie
1263 865 1292 912 et

150 953 284 1008 praesens
298 955 343 992 me
357 936 477 992 redimet
492 937 622 1006 Guyetus.
650 936 775 1003 Venisse,
797 935 888 991 aderit
905 940 996 997 elme
1015 939 1158 993 absentem
1173 937 1293 992 redimet

151 1018 285 1084 Weisius,
304 1017 345 1070 ais
364 1018 405 1073 erl
428 1017 490 1087 agis
509 1022 572 1071 ante
594 1032 667 1070 nune
690 1018 817 1070 inserens.
855 1016 982 1084 Venisse,
1006 1016 1096 1071 aderit
1118 1018 1174 1072 huo
1194 1022 1224 1072 et
1242 996 1291 1073 aits

150 1101 180 1152 te
197 1114 244 1152 me
265 1097 383 1152 redimet
400 1096 519 1151 Bellias
537 1099 665 1166 itemque,
682 1098 728 1150 sed
746 1096 864 1151 redimet
882 1113 936 1164 me,
955 1096 984 1149 'R
1002 1098 1118 1151 addens:
1138 1097 1249 1151 ‘Totum
1265 1115 1290 1152 v.

149 1179 191 1232 sie
211 1176 404 1232 Fleckeisenus
422 1176 522 1231 Exere.
538 1195 567 1246 p.
588 1181 636 1231 49:
660 1175 767 1229 Vinum
787 1175 871 1231 iuisse
889 1177 957 1243 hae,
976 1176 1066 1230 ederit
1084 1177 1114 1231 et
1130 1193 1175 1230 me
1194 1179 1244 1231 abs
1263 1181 1291 1232 te

150 1258 280 1312 redimet.
299 1257 351 1312 Το.
371 1255 438 1324 quid
458 1257 550 1309 nune?
568 1256 620 1309 Do.
642 1254 706 1323 qaid
728 1260 787 1309 est?
806 1256 919 1311 Licebat
937 1258 1018 1311 etiam
1038 1256 1181 1322 Valuisse,
1200 1256 1291 1312 ederit

149 1337 205 1392 luia
229 1338 261 1392 et
282 1353 327 1390 me
349 1337 400 1390 abs
423 1337 452 1389 te
475 1334 600 1390 redimet.
626 1335 676 1388 Ta.
695 1335 762 1403 quid
782 1334 823 1388 eis
842 1339 932 1390 nune?
956 1335 1008 1390 Do.
1028 1335 1096 1404 quid
1114 1337 1185 1392 eett'
1225 1335 1291 1391 Oum

150 1416 181 1471 F
182 1418 327 1472 kekeiseno
345 1417 455 1482 faciunt
469 1415 612 1469 Malilerus
630 1417 662 1469 de
678 1432 757 1484 prou.
773 1432 802 1483 p.
818 1419 854 1470 12
875 1415 1075 1485 Vesinpiusque.
1103 1414 1154 1469 Hie
1173 1416 1290 1482 uenisse,

149 1496 204 1551 huo
224 1495 317 1550 aderit
335 1498 364 1549 et
383 1510 428 1548 me
448 1496 498 1549 abs
513 1498 541 1549 te
555 1495 675 1549 redimet
690 1495 808 1549 Botltius
819 1500 922 1563 postea.
950 1493 1097 1550 Veniaisse
1112 1496 1174 1562 hac,
1193 1495 1291 1562 ederit,

147 1576 199 1629 abs
218 1577 248 1630 te
266 1575 385 1630 redimet
403 1590 447 1627 me
467 1574 658 1628 Fleckeisenus
677 1591 770 1642 numer.
808 1574 896 1629 Initio
916 1574 1031 1630 Venisse
1051 1576 1114 1643 hue,
1135 1574 1180 1629 hie
1200 1575 1292 1630 aderit

147 1657 238 1709 euasit
265 1654 414 1723 Seyffertus
441 1653 525 1707 Burs.
550 1654 654 1706 Annal.
675 1654 800 1707 XLVII
820 1671 851 1722 p.
871 1659 908 1709 48
935 1657 1026 1725 (atque
1052 1654 1106 1709 hae
1128 1657 1291 1710 servandum

148 1735 310 1801 necessario,
329 1732 374 1786 hio
391 1749 448 1786 uon
461 1734 545 1800 item),
561 1748 614 1801 pro
629 1732 748 1787 redimet
762 1740 851 1789 autem
865 1739 975 1804 repetet
991 1735 1136 1790 Palmerue
1149 1736 1289 1791 Hermatlr.

150 1814 247 1867 XIII
255 1832 285 1884 p.
299 1817 353 1868 235
364 1818 475 1882 praeter
488 1830 550 1867 rem.
573 1811 694 1867 (letarum
707 1811 757 1868 Το.
772 1829 823 1868 om.
840 1813 1029 1870 Camerarius:
1046 1817 1130 1870 restit.
1148 1816 1289 1870 Θιιιιιιιιι.

240 1898 299 1947 666.
319 1892 359 1947 sie
373 1909 436 1946 reor
450 1891 552 1947 suades
574 1892 662 1948 Valla.
682 1891 747 1948 Vns.
763 1892 803 1946 sie
818 1909 888 1949 reor.
903 1892 975 1949 Dea.
991 1894 1059 1949 ades
1073 1895 1188 1964 Lipsius
1199 1896 1290 1965 Epist.

148 1977 251 2042 quaest.
267 1973 309 2025 II
319 1975 368 2027 12.-
386 1977 482 2027 eontra
500 1989 577 2041 quem
595 1973 727 2026 dixerunt
740 1974 847 2042 Doara,
868 1975 1040 2042 Gulielmius,
1058 1975 1214 2044 Acidaliae,
1232 1978 1291 2032 alii.
1313 1971 1315 1975 ’

149 2054 190 2119 Of.
212 2051 350 2107 Bartluius
367 2053 481 2107 Adsere.
503 2053 616 2106 XXXI
631 2057 655 2105 5.

240 2137 299 2186 661.
319 2131 439 2200 uideam,
458 2134 490 2185 ut
508 2148 592 2186 emas.
612 2131 684 2186 habe
699 2132 753 2188 tibi
768 2136 879 2187 centum
899 2134 989 2200 Valla,
1008 2134 1163 2190 Saracenas
1179 2137 1291 2206 ueraque

149 2213 196 2267 sed
218 2210 311 2266 uideo.
334 2213 367 2264 ut
390 2229 477 2278 emas,
503 2212 575 2265 habe
595 2212 755 2277 Acidaliae,
775 2212 925 2267 Meursiue.
963 2214 1053 2268 uideo.
1077 2214 1127 2268 tad
1147 2213 1219 2268 habe
1238 2215 1291 2269 tibi

150 2294 265 2346 eentum
281 2291 405 2362 Gupetus
422 2293 536 2361 itemque
554 2293 612 2345 eine
629 2291 680 2346 tad
695 2291 821 2359 Botlrius,
841 2292 966 2358 ‘fortasse
983 2294 1054 2347 cere'
1074 2294 1165 2348 iudice
1183 2293 1225 2360 ill,
1244 2295 1292 2362 qui

148 2374 261 2428 interim
284 2372 375 2426 uideo.
399 2372 432 2424 ut
450 2387 540 2436 emas,
559 2368 632 2424 habe
650 2373 781 2426 seruauit:
804 2373 855 2426 uli
872 2370 955 2425 uideo
975 2389 1036 2427 eam
1056 2376 1087 2426 ιιι
1105 2389 1195 2440 emes,
1218 2374 1291 2427 habe

148 2451 299 2523 Seyffertus
317 2452 418 2506 Philet.
435 2450 528 2503 XXV
543 2467 570 2519 p.
586 2454 640 2504 456
659 2452 744 2518 (nune
762 2453 795 2506 de
813 2451 869 2505 ism
888 2455 920 2506 ιιι
938 2468 1014 2506 emes
1033 2454 1179 2522 cupitam),
1201 2452 1290 2506 uideo.

148 2548 212 2586 eam
230 2532 264 2585 nt
281 2547 366 2598 emas,
386 2530 457 2585 habe
471 2531 609 2599 Berplcius
626 2529 722 2599 Opuee.
739 2531 759 2582 I
769 2548 799 2599 p.
815 2536 879 2597 679,
898 2531 989 2587 uideo.
1008 2549 1053 2586 me
1068 2534 1099 2585 at
1113 2548 1198 2600 emas,
1218 2533 1290 2587 habe

148 2612 273 2667 Koeltius
292 2610 353 2664 Em.
373 2611 417 2664 Pl.
435 2628 462 2680 p.
484 2611 514 2663 X
520 2610 589 2678 Vsq.
613 2609 732 2664 uideam.
752 2612 783 2662 ut
802 2628 886 2677 emus,
906 2616 989 2680 opust
1007 2613 1118 2666 centum
1140 2613 1292 2666 Muellerus

144 2710 175 2761 p.
191 2697 248 2746 188
263 2692 327 2744 adn.
360 2688 451 2744 uideo.
477 2705 539 2741 eam
559 2689 631 2743 habe
650 2688 703 2742 tibi
723 2693 834 2744 eentum
858 2690 1007 2760 Vesinpius.
1040 2690 1130 2747 uideo.
1157 2691 1210 2745 tibi
1230 2709 1289 2745 eam

148 2772 223 2825 habe
243 2773 354 2824 centum
374 2770 558 2824 Baehrensiue
575 2774 712 2823 comment.
729 2769 828 2822 Catull.
846 2787 875 2836 p.
892 2775 934 2824 70.
966 2771 1005 2824 Iu
1024 2771 1133 2825 uideam
1151 2773 1291 2839 scriptura

147 2852 222 2905 urliil
245 2851 365 2919 emplius
387 2851 571 2920 quaesendum
595 2851 686 2917 (quam
709 2850 742 2900 ut
764 2851 833 2903 nrale
860 2851 1022 2904 intellectum
1045 2853 1174 2920 peperit):
1201 2853 1233 2904 in
1261 2857 1292 2905 ut

148 2947 227 2985 emas
243 2932 368 3000 plerique
385 2935 455 2984 recte
473 2931 644 2997 offenderunt
663 2930 844 2996 (nequeenim
863 2930 1001 2998 sipuiticat
1021 2931 1063 2985 ‘ut
1081 2948 1163 2984 emere
1178 2932 1288 2999 pestiae'

148 3012 190 3066 rel
211 3013 265 3065 tale
282 3011 373 3080 putul).-
392 3011 464 3064 unde
483 3008 554 3064 bene
573 3009 672 3062 addidi
690 3009 748 3063 coll.
769 3024 791 3061 a.
812 3013 877 3073 587,
896 3008 977 3063 Most.
992 3013 1058 3075 298,
1077 3011 1112 3063 al.

241 3097 300 3144 663.
321 3091 473 3144 drachume
491 3090 588 3143 abesse
609 3087 759 3142 Muellerus
775 3088 913 3144 ‘Nachtm’
931 3107 959 3158 p.
975 3095 1019 3143 16.
1052 3108 1180 3145 nummus
1199 3091 1291 3146 abemi

147 3172 180 3226 S
201 3173 259 3227 coll.
275 3171 366 3225 Paulo
376 3188 406 3238 p.
417 3175 444 3238 4,
458 3176 494 3224 18
504 3169 560 3223 Μ..·
578 3170 689 3237 quando
703 3186 787 3238 euque
802 3185 930 3222 nummus
945 3169 1052 3239 eblesse
1066 3187 1150 3239 neque
1163 3172 1288 3225 nummu’

147 3254 250 3306 abesse
265 3251 487 3319 probabilitatem
505 3250 591 3303 labet

241 3336 300 3384 666.
319 3329 443 3399 periculo
467 3331 536 3383 haee
561 3328 643 3381 detur
666 3346 726 3383 eune
751 3329 776 3381 Z
798 3330 926 3384 Klotuius
943 3348 972 3398 p.
994 3335 1060 3384 153.-
1083 3331 1118 3396 es.
1140 3331 1291 3385 Muellerus

151 3412 233 3466 Prae.
250 3428 280 3480 p.
300 3415 362 3465 564.
399 3408 505 3478 periclo
525 3409 608 3463 datur
626 3410 695 3462 haee
717 3409 846 3478 (Iapetus.

242 3495 301 3544 666.
320 3488 425 3555 Turde,
440 3489 508 3556 quid
523 3495 595 3558 ago?
614 3489 627 3548 l
632 3487 667 3540 Di
681 3487 805 3556 deaeque
821 3486 859 3557 as,
873 3488 1076 3543 Fleckeisenus:
1091 3491 1125 3555 cf.
1141 3490 1291 3543 Muellerus

145 3589 174 3640 p.
197 3574 262 3636 168,
280 3569 440 3639 Spenpelius
460 3567 545 3633 ‘Rea’
563 3583 590 3634 p.
614 3572 668 3621 187
686 3568 765 3633 adn.,
786 3568 914 3621 liloteius
929 3586 959 3637 p.
978 3573 1039 3622 135.
1059 3572 1125 3623 260.
1144 3574 1206 3623 309.

241 3655 301 3705 667.
320 3650 368 3702 Aa
392 3646 532 3701 destinare
556 3648 590 3712 es.
614 3646 764 3717 Lanpenus
789 3647 898 3700 ‘Beitu’
920 3666 949 3715 p.
970 3652 1033 3702 301.
1053 3679 1086 3687 -
1106 3650 1157 3702 D0.
1183 3650 1291 3703 habebo

146 3730 228 3799 prob.
244 3728 405 3795 Salmasius,
424 3726 551 3794 Botulus,
569 3727 620 3780 alii
641 3725 765 3795 [quacum
785 3729 940 3794 earuparmi
956 3729 1049 3795 nequit
1063 3728 1147 3782 Mare.
1162 3732 1229 3782 439:
1247 3730 1293 3782 secl

145 3811 185 3876 cf.
200 3807 286 3877 Feta
301 3812 364 3872 471,
379 3807 436 3876 al.],
455 3807 506 3860 Do,
523 3805 625 3859 hebeto
641 3804 669 3856 'R
688 3823 748 3859 cum
763 3807 900 3873 plerisque
918 3807 1033 3858 addens:
1054 3806 1134 3873 ‘quae
1152 3806 1216 3860 liuic
1234 3823 1290 3859 uer·

144 3892 195 3944 sui
224 3890 371 3943 adltaaeut
398 3889 429 3941 iu
452 3888 544 3951 libris,
575 3888 698 3940 insiticia
722 3903 774 3940 csse
796 3886 914 3939 Botltius
938 3885 1029 3938 eidit’.
1066 3885 1172 3939 Eisdem
1193 3900 1291 3937 manea

139 3970 243 4042 potius
267 3985 320 4022 esse
342 3969 399 4022 iam
424 3966 598 4021 Oanrerarius
621 3967 803 4034 opinabatur.-
826 3966 898 4033 quod
921 3981 977 4017 non
1000 3965 1077 4016 modo
1096 3964 1124 4017 A
1142 3965 1292 4030 confirment,

142 4052 196 4106 secl
211 4052 294 4103 etiam
307 4050 437 4102 eumerus
451 4064 575 4101 conexus.
603 4048 671 4101 Vide
681 4048 770 4116 praef.
800 4045 933 4099 Similiter
948 4045 1071 4111 corrupti
1081 4044 1146 4097 libri
1155 4061 1178 4096 a.
1190 4048 1243 4097 661
1254 4060 1291 4112 sp.

143 4132 274 4186 Ceterum
297 4130 362 4196 trip.
386 4128 466 4181 iamb.
492 4129 554 4180 elim
579 4128 631 4193 aas.
657 4127 816 4195 Spenpelius
837 4125 867 4179 T.
889 4126 930 4178 M.
952 4125 983 4177 P.
1001 4141 1029 4191 p.
1050 4127 1102 4175 144
1124 4124 1293 4191 improbante

141 4210 271 4267 Christis
292 4207 412 4261 ‘Metr.’¹
428 4226 457 4276 p.
478 4212 541 4261 366.
563 4239 594 4245 —
615 4206 766 4275 praedatus
790 4221 839 4258 our.
865 4221 893 4257 es
911 4205 963 4270 def.
987 4204 1100 4256 Olsenus
1117 4220 1147 4271 p.
1167 4208 1212 4256 30.
1250 4202 1291 4268 Cf.

137 4291 296 4348 Batauus
315 4290 345 4341 iu
364 4288 483 4341 seusun
504 4286 581 4340 stud.
603 4288 623 4339 I
636 4305 667 4355 p.
688 4291 748 4340 509.

241 4374 301 4423 669.
325 4367 367 4420 his
388 4384 441 4436 pro
464 4367 519 4420 huc
538 4368 680 4420 Bentleius
699 4367 730 4419 in
751 4365 809 4418 Ter.
830 4364 931 4418 Heaut.
955 4363 1002 4416 IV
1017 4367 1044 4431 7,
1062 4370 1088 4417 8.
1109 4394 1141 4403 -
1161 4365 1208 4417 Ad
1227 4363 1292 4418 abiu

135 4473 165 4510 v.
189 4456 229 4505 67
235 4459 245 4502 ι
268 4450 302 4514 cf.
322 4447 491 4501 Seluuderus
509 4448 542 4500 de
561 4458 612 4495 -ue
626 4447 727 4514 partic.
745 4463 773 4514 p.
793 4450 831 4499 20
850 4444 949 4514 [275J.

241 4534 302 4581 672.
322 4526 396 4581 intro
417 4526 482 4594 quin
497 4530 528 4580 ta
544 4525 567 4578 is
584 4526 720 4595 Gupetus:
739 4527 787 4579 ubi
801 4524 825 4576 is
840 4524 913 4577 iutro
927 4524 979 4590 des.
995 4523 1155 4592 Kamnpfiue
1168 4525 1201 4578 de
1210 4541 1291 4593 prom

135 4635 166 4688 ρ.
190 4615 292 4667 11).-
314 4606 398 4660 effero
418 4607 573 4660 Acidaliae.
612 4606 703 4659 eefero
724 4603 908 4671 Ijseudijleius
922 4622 952 4673 p.
971 4608 1013 4657 41.

239 4693 292 4742 676
303 4704 359 4756 sqq.
383 4686 516 4741 Scaeuam
535 4687 672 4753 muperiori
690 4685 862 4739 continuavit
880 4685 1010 4738 Bothius:
1033 4702 1114 4752 qurum
1134 4684 1195 4738 ‘etsi
1214 4686 1292 4739 nullu

135 4770 310 4831 ,recessuum
334 4772 358 4820 rt
379 4773 487 4836 praeter
510 4766 618 4820 rnoreru’
644 4782 742 4819 niueam
765 4765 853 4820 ordiri
874 4766 958 4819 libres
975 4766 1118 4819 iudicabat
1137 4765 1180 4833 ll,
1204 4772 1293 4820 tamen
