2910 5528
248 313 311 377 125
728 305 917 362 APPENDIX
1284 313 1425 360 se--M

319 471 393 537 Quin
411 471 436 525 si
454 472 567 539 egomet
584 471 661 524 totus
679 470 811 535 uincam,
830 467 877 521 uix
895 465 983 536 recipi
1001 466 1077 535 potis
1096 467 1142 521 est
1159 466 1235 534 quod
1252 485 1350 538 rogae:

318 553 391 606 Nam
410 554 443 605 tri
461 568 563 618 aquam
582 568 599 604 0
616 548 726 619 pumice
745 548 839 601 hercle
857 549 984 616 portulis
1004 563 1091 614 nuuc,
1109 545 1161 616 qui
1177 547 1257 617 ipsus
1275 548 1363 603 eiust

389 631 439 686 To.
461 631 553 685 Sicine
572 613 672 684 hoc'te
691 627 780 682 mihi?
809 625 1090 693 setimdianum?
1120 624 1172 682 Το.
1191 626 1258 683 Meu
1275 629 1385 696 rogusr’

247 712 295 767 Sic
313 711 358 779 Il,
380 713 429 780 qui
451 728 512 766 cum
535 711 563 762 Β
585 711 735 764 discribens
753 727 777 763 o.
793 715 827 763 30
846 709 993 777 argentum
1016 723 1062 760 mc
1076 709 1175 776 posuit
1187 723 1244 776 pro
1261 710 1295 762 tu
1312 724 1330 761 a
1346 724 1382 761 me

247 794 393 860 argentum
418 794 447 859 (0
473 808 517 843 me
539 791 686 859 argeutum
706 790 835 859 Gupitus.
864 804 908 840 me
927 787 1075 857 argentum
1100 786 1257 857 Vssinpius)
1275 794 1301 841 ct
1317 804 1341 844 0.
1355 794 1381 841 41

249 871 343 925 hercle
359 888 413 939 pro
431 887 512 924 nunc.
528 901 561 909 -
586 870 617 924 V.
633 876 667 926 30
686 869 747 934 Quo
768 871 800 922 tu
824 865 992 921 confidentis
1014 882 1115 935 rogere
1138 883 1157 921 e
1177 870 1380 937 insurgentem

246 952 358 1004 tuntum
378 949 465 1004 audes
483 951 524 1004 vel
541 950 652 1004 tentum
671 967 689 1003 0
706 965 750 1002 me
769 950 917 1016 argeutum
935 947 1022 1011 eudes
1041 946 1219 1017 Spenpelius:
1242 949 1293 1003 ubi
1308 948 1342 1004 00
1357 950 1381 1001 tu

247 1032 358 1083 tantum
382 1046 400 1082 a
422 1030 487 1083 med
511 1031 659 1097 argentum
682 1028 769 1082 audes
787 1029 869 1082 etiam
888 1027 1037 1097 Seyffertus
1054 1028 1231 1096 capiteomat.
1269 1027 1383 1083 0040000

248 1110 282 1174 ci.
301 1110 339 1163 00
358 1109 447 1163 Stichi
464 1127 488 1164 0.
504 1113 566 1163 350.
583 1140 616 1148 -
637 1109 668 1163 V.
687 1115 722 1162 40
740 1107 861 1177 potessit
880 1105 1064 1161 Oanierarius.
1078 1137 1112 1146 -
1132 1106 1164 1161 V.
1183 1113 1219 1161 41
1243 1107 1382 1177 epumics

249 1187 430 1243 Camerarius.
455 1206 472 1242 a
486 1188 592 1257 pumici
609 1190 737 1260 (inpetres.
765 1188 807 1254 Gi.
822 1186 861 1239 W
859 1202 978 1256 apnmus
991 1184 1066 1241 Mus.
1080 1186 1168 1242 Rben.
1180 1187 1289 1242 XXII
1296 1205 1327 1258 p.
1337 1191 1382 1242 114

247 1274 272 1323 et
289 1269 400 1323 00000.ι
415 1287 445 1338 p.
464 1268 613 1333 LXXIV,
637 1267 816 1321 Buechelerus
838 1267 871 1320 00
894 1266 958 1320 dccl.
979 1283 1010 1334 p.
1029 1269 1074 1333 50,
1096 1266 1252 1323 Mentiris
1269 1270 1309 1322 00
1325 1267 1382 1322 Mil

252 1349 288 1417 pl.
303 1365 327 1403 0.
338 1353 402 1416 700,
416 1349 451 1402 al.
471 1350 634 1418 (scripturae
647 1346 749 1417 pimice
764 1347 871 1415 aliquid
885 1346 984 1400 tribuit
996 1345 1134 1416 Berplsius
1148 1347 1263 1402 ‘Belin’
1275 1365 1307 1417 p.
1317 1350 1382 1415 157).

248 1458 282 1466 -
300 1443 374 1480 nunc
392 1428 520 1495 postulas
540 1445 557 1481 a
574 1425 685 1496 pumice
703 1427 773 1480 male
790 1428 854 1482 irai.
873 1426 1004 1480 Iu'loteins
1019 1443 1050 1495 p.
1066 1430 1128 1480 548.
1144 1456 1180 1467 -
1202 1426 1235 1479 V.
1249 1433 1285 1482 42
1303 1429 1333 1482 te
1350 1429 1384 1482 mi

246 1505 300 1561 hoc
329 1506 481 1561 Muellerus
508 1508 586 1562 Pros.
611 1511 728 1575 10443·
755 1506 790 1572 cf.
810 1506 961 1578 Seyffertus
983 1507 1015 1560 in
1037 1506 1122 1560 Burs.
1145 1507 1254 1563 Annal.
1273 1507 1389 1563 LXIII

246 1603 274 1654 p.
289 1592 308 1641 9
326 1591 351 1640 et
369 1592 466 1641 contra
479 1587 588 1642 Klotcii
603 1603 720 1641 errorem
735 1586 820 1640 ‘Bcrl
833 1587 902 1654 pltil.
923 1585 1048 1639 Wscbr!
1064 1587 1116 1640 XI
1129 1589 1167 1655 (a.
1183 1591 1386 1658 metipsis.

246 1666 351 1720 Locum
366 1668 512 1735 perturbat
531 1667 716 1734 Ijsendijkius
734 1667 751 1719 l.
770 1682 792 1719 s.
811 1682 831 1722 s.
847 1682 876 1733 p.
897 1669 922 1719 5.
962 1664 1082 1720 &taum
1105 1683 1196 1736 rogen
1216 1669 1335 1734 sormam
1351 1668 1386 1737 (Β

248 1751 311 1800 ante
325 1761 405 1812 corr„
419 1763 538 1815 regesne
549 1746 735 1815 Camerarius)
748 1746 893 1800 obscurare
903 1746 993 1800 noluit
1003 1744 1032 1799 ‘tt
1042 1747 1156 1815 0000000
1164 1750 1265 1802 retinet
1274 1747 1386 1819 Spenpe·

246 1826 314 1880 lires:
333 1831 362 1879 at
380 1826 416 1891 ci.
431 1825 580 1896 Seyffertus
598 1827 698 1880 Pbilol.
716 1824 849 1877 XXVII
861 1841 889 1893 p.
905 1829 969 1888 385,
992 1825 1112 1880 Brixiae
1130 1828 1169 1880 ad
1188 1827 1269 1897 Capi
1288 1846 1314 1883 o.
1326 1832 1386 1895 803,

244 1905 395 1959 Muellerus
416 1905 554 1961 ‘Nacbtr'
572 1924 603 1975 p.
621 1911 691 1971 101,
710 1905 851 1958 Abrabam
871 1903 950 1958 Stat.
968 1905 1013 1959 Pl.
1029 1922 1059 1973 p.
1078 1910 1135 1961 232
1147 1923 1202 1976 sp,
1220 1907 1387 1963 8000000000

245 1986 278 2039 dc
295 1997 346 2035 -ΝΕ
358 1988 460 2054 partic.
476 2004 506 2055 p.
522 1991 559 2041 24
579 1986 681 2056 [278]

332 2071 374 2118 ts.
400 2067 486 2119 hebes
510 2083 565 2135 pro
591 2065 683 2120 habeo
707 2065 777 2119 Pius
800 2065 936 2133 probante
959 2064 1114 2135 Scalipcro,
1140 2067 1292 2123 Duebrsero
1314 2069 1385 2123 Am.

241 2145 310 2212 phil.
327 2144 376 2196 IV
389 2161 418 2212 p.
433 2149 497 2210 336,
516 2146 649 2217 Lanpcno
669 2146 780 2202 ‘Beier’
798 2164 828 2216 p.
843 2148 907 2213 129,
925 2145 1025 2202 Blasio
1043 2148 1075 2201 ric
1094 2148 1166 2203 mod.
1181 2153 1261 2217 temp.
1274 2155 1384 2217 permeet.

242 2241 272 2293 p.
293 2229 310 2277 6
328 2224 413 2294 [62].·
436 2232 466 2277 at
488 2227 550 2280 cide
572 2227 700 2281 Rostrum
726 2225 824 2295 Opusc.
840 2240 870 2292 p.
886 2229 1008 2295 277sqq.
1032 2232 1057 2280 et
1074 2227 1210 2282 Brixiam
1228 2229 1306 2284 Aren.
1319 2229 1385 2298 plut.

245 2301 395 2357 CXXIII
411 2305 448 2373 (a.
464 2309 545 2370 1881)
557 2323 587 2374 p.
603 2311 647 2361 50.
658 2338 691 2345 -
706 2306 827 2359 mundo?
847 2303 974 2359 Bottia.
985 2336 1018 2346 -
1034 2305 1103 2360 mihi
1121 2306 1181 2361 iam
1199 2309 1252 2366 ael.
1268 2310 1387 2380 Gnyttttt

242 2384 325 2437 initio
343 2382 385 2437 Tu
403 2401 504 2453 nempe
523 2384 611 2440 habes
630 2387 757 2441 scribens.
772 2415 805 2424 -
822 2383 861 2437 mi
880 2386 956 2438 esset
976 2388 1050 2455 (post
1069 2385 1156 2455 domi)
1176 2392 1310 2446 traiciens
1326 2391 1385 2445 bene

243 2463 380 2518 diaeresm
404 2466 525 2519 restituit
544 2466 699 2536 Seyffertus.
741 2465 838 2519 Totum
861 2479 966 2519 oersmu
988 2467 1038 2520 del.
1058 2466 1249 2536 Iisatdi'y'leius
1263 2487 1295 2540 p.
1309 2474 1384 2538 bqu.

335 2550 368 2597 41
383 2560 419 2612 sp.
441 2543 488 2598 Sic
504 2543 534 2597 ti
554 2546 712 2599 dubitanter
730 2546 797 2599 duce
816 2542 930 2611 Botbio,
952 2547 1010 2599 nisi
1033 2547 1106 2616 quot
1127 2549 1152 2602 is
1171 2548 1231 2603 ium
1250 2549 1322 2604 scies
1335 2565 1385 2619 pro

245 2620 289 2674 iac
309 2621 396 2675 scium
416 2622 484 2690 (iam
504 2628 535 2679 ut
553 2623 651 2692 scias):
1155 2662 1158 2666 ’

393 2701 501 2765 Quaero
520 2704 616 2756 tumim
634 2719 686 2772 ego
705 2701 772 2756 item
793 2703 898 2759 sedulo.
932 2703 1001 2838 Sze.
1020 2704 1050 2759 si
1068 2706 1136 2772 quid
1155 2705 1210 2761 erit
1227 2707 1275 2761 lac
1293 2706 1382 2761 suuni

882 2783 933 2838 Το.
978 2783 1076 2839 bsecro

387 2859 561 2928 Resecrbque
580 2864 621 2930 te,
643 2879 754 2932 operam
774 2864 811 2917 da
829 2866 901 2918 hinc
920 2863 991 2919 mihi
1008 2865 1128 2920 fidelem.
1158 2867 1228 2922 See.
1248 2868 1305 2935 Ah,
1324 2866 1383 2921 otio

879 2960 924 2998 me
943 2943 1051 3000 enicas:

245 3023 295 3075 ubi
314 3020 428 3074 obsecro
443 3020 505 3090 11Το
524 3040 688 3093 resecroque
707 3040 821 3095 operam
841 3024 878 3078 da
892 3027 1069 3093 praeiverant
1085 3026 1208 3099 Scaliper
1223 3029 1381 3085 Samio·

243 3118 294 3168 quc
312 3102 436 3168 (itemque
450 3100 570 3156 Brisius
584 3103 600 3157 l.
614 3121 636 3157 s.
651 3121 672 3159 s.
683 3122 713 3173 p.
731 3109 774 3168 14,
791 3106 838 3158 sed
852 3106 968 3159 obsecro
982 3108 992 3173 ΙΙ
1006 3106 1046 3160 Το
1060 3123 1179 3174 resecto,
1196 3107 1236 3163 ds
1250 3111 1382 3179 000000).-

243 3180 276 3232 rte
292 3196 351 3246 quo
375 3181 474 3248 ineptit
497 3181 625 3237 Pitboeus
646 3186 757 3238 Adsere.
774 3184 796 3236 I
806 3190 849 3239 10.
887 3186 955 3239 Sue.
981 3185 1090 3250 Quaere
1113 3190 1222 3241 tamen:
1242 3186 1302 3256 ego'
1320 3188 1381 3243 item

247 3258 352 3312 sedulo.
372 3259 395 3311 si
414 3261 481 3325 quid
501 3261 561 3329 erit,
580 3263 636 3316 iam
656 3259 731 3318 ecies
742 3264 918 3335 Ladcwipius
931 3265 1032 3320 Pbilol.
1049 3266 1153 3320 XVII
1167 3285 1195 3335 p.
1211 3273 1277 3325 472.
1312 3269 1382 3335 Ques

245 3338 274 3390 te
288 3340 384 3391 tamen
399 3355 451 3406 ego
467 3339 534 3394 item
549 3342 656 3411 sedulo,
676 3347 707 3397 ut
721 3343 800 3410 sciis,
820 3344 925 3411 siquid
940 3344 1001 3411 erit,
1020 3345 1122 3399 ficiam
1136 3345 1270 3417 Gupctns.
1297 3347 1381 3413 Quie-

243 3418 303 3469 ritm
322 3419 417 3471 tumen
436 3418 566 3486 equidem
586 3423 691 3477 sedulo.
725 3422 777 3477 Το.
794 3421 824 3476 Si
844 3423 911 3491 quId
930 3425 992 3492 erit,
1011 3427 1097 3480 facias
1116 3428 1257 3482 etesium
1272 3429 1381 3482 Britsel-

241 3497 366 3566 napitas
389 3498 421 3552 in
442 3517 534 3569 propr.
560 3519 650 3572 pymn.
669 3502 835 3558 Landrsbut.
861 3522 887 3558 a.
907 3509 980 3561 1868
994 3523 1025 3575 p.
1045 3513 1062 3560 9
1086 3523 1150 3561 mon
1173 3507 1209 3561 sd
1236 3524 1281 3562 mc
1298 3510 1382 3564 00000

240 3577 273 3629 in
290 3593 370 3631 00000
387 3582 424 3632 46
439 3586 503 3648 post
520 3582 593 3636 bunc
611 3584 733 3636 traiecto.
767 3582 838 3636 Cura
854 3600 908 3651 pro
928 3584 1036 3649 Quaere
1058 3585 1188 3641 Goetsius
1206 3589 1240 3641 in
1255 3591 1316 3642 Act
1334 3604 1380 3643 soc.

236 3656 306 3723 pbil.
322 3655 401 3726 Lips.
418 3658 470 3710 IV
480 3677 510 3727 p.
527 3664 577 3714 351
597 3677 660 3715 ense
678 3660 748 3714 item
766 3663 856 3716 delens
876 3670 900 3717 et
919 3664 974 3717 ism
993 3665 1057 3719 faxo
1078 3666 1150 3720 scius
1169 3668 1293 3722 scribens
1306 3685 1381 3738 prae-

240 3743 319 3790 eunte
344 3735 407 3790 faxo
431 3738 488 3791 iam
507 3741 539 3792 ut
557 3740 631 3794 scius
650 3741 755 3810 100000
774 3745 845 3808 (cnm
862 3743 982 3798 Briaius
1000 3750 1183 3814 intermplam
1198 3756 1263 3816 post
1282 3749 1337 3803 iarn
1354 3751 1382 3802 ut

240 3816 311 3868 scies
331 3819 481 3871 oratiorium
498 3823 644 3887 statuerit).
679 3823 787 3888 Quaere
805 3825 908 3877 temen.
942 3822 1010 3878 Sne.
1031 3826 1093 3892 Ago
1112 3841 1165 3895 ego
1184 3826 1214 3880 id
1234 3828 1344 3895 sedulo,
1360 3828 1381 3881 ri

241 3895 308 3961 quid
329 3896 390 3950 erit.
425 3899 475 3950 To,
496 3899 554 3952 lom
574 3904 605 3953 ut
624 3901 711 3969 scias,
731 3903 845 3958 bbsecro
866 3903 1018 3971 Vssinpius.
1056 3904 1176 3973 Quaere,
1197 3910 1294 3961 lumen
1313 3909 1380 3962 idem

241 3988 294 4039 ego
315 3975 419 4030 sedulo.
448 3977 472 4030 si
491 3978 559 4046 quid
578 3979 639 4048 erit,
656 3985 687 4035 ut
706 3985 786 4038 scius.
815 3982 867 4037 Το.
886 3983 1002 4038 obsecro
1017 3983 1145 4038 Klotsius
1163 4004 1190 4054 p.
1207 3991 1263 4042 548
1281 3996 1336 4044 tam
1352 3989 1381 4043 a

241 4053 321 4107 libris
339 4073 421 4122 quam
439 4058 472 4111 00
490 4059 588 4128 linpna
605 4065 790 4133 sententiaque
807 4079 925 4118 securus.
960 4063 1183 4133 7000110001.-
1204 4067 1248 4120 De
1268 4068 1319 4122 To.
1337 4069 1379 4122 ab·

241 4146 326 4186 00000.
366 4133 434 4189 Sue.
464 4154 571 4193 reeeoro
603 4143 631 4195 te
659 4145 796 4212 copitabat
826 4144 969 4198 Turnebus
993 4145 1108 4199 Adsere.
1131 4145 1257 4201 XVIII
1272 4153 1325 4204 25:
1349 4150 1379 4214 cf.

240 4218 335 4274 Aulai.
352 4229 408 4277 083
418 4241 455 4294 sq.
479 4210 600 4283 [obsecre
615 4233 652 4297 te,
668 4249 776 4286 resecto
789 4233 916 4286 Wasius.
928 4234 1019 4287 -At
1032 4234 1085 4300 Ah,
1101 4234 1166 4287 odio
1180 4237 1217 4301 cf.
1234 4237 1380 4292 Muellerus

242 4296 319 4348 Pros¹
336 4319 365 4367 p.
383 4308 436 4357 723
455 4305 652 4377 Riclrtcruspuc
670 4313 702 4364 in
721 4311 839 4367 Studcm.
859 4312 939 4369 Stura.
955 4314 977 4365 I
990 4331 1020 4381 p.
1036 4318 1102 4368 402.

328 4383 362 4430 bo
370 4397 406 4449 sq.
419 4384 477 4435 lum
488 4384 568 4439 abiet
578 4388 703 4443 Botbius.
711 4392 845 4462 -recipe
856 4396 883 4445 te
894 4397 1030 4459 quantum
1042 4397 1123 4463 potes
1136 4395 1262 4467 Gupetus
1273 4401 1378 4468 inape
