2910 5528
56 719 163 770 ss-es
539 714 722 772 APPENDIX
1136 720 1200 784 153

55 877 130 931 Pers.
151 880 206 932 474
230 876 290 945 (ubi
311 877 533 932 uuclamutionern
551 878 647 946 potius
665 879 792 932 babemus
811 897 892 949 quam
917 880 1147 947 enuntiationem,
1174 887 1202 934 ut

53 957 104 1011 boe
122 957 190 1023 loco,
208 971 262 1026 auo
280 953 310 1010 id
328 957 494 1012 notandum.-
512 958 547 1025 cf.
566 957 650 1011 Poen.
670 963 734 1024 739,
753 960 808 1026 ul.).

145 1042 190 1091 33.
218 1034 353 1104 loquitur.
371 1051 431 1091 uae.
446 1035 496 1091 Tu.
516 1039 546 1090 at
561 1035 744 1092 Camerarius.
768 1037 901 1107 loquitur,
921 1038 960 1092 sui
980 1040 1031 1108 (vel
1046 1039 1132 1110 phul).
1153 1039 1204 1094 'l';:.

55 1118 86 1170 ut
105 1115 273 1171 Gulielmius
292 1115 400 1185 Quaest.
420 1115 503 1172 Most.
523 1134 545 1171 c.
561 1122 593 1171 3:
612 1119 740 1174 similiter
758 1119 918 1189 Speupelius
939 1118 1025 1184 ‘Ilei'
1042 1137 1071 1188 p,
1084 1125 1122 1175 89
1141 1122 1206 1176 adu.

55 1204 79 1254 u
100 1196 249 1268 Vssinpius
266 1198 325 1253 coll.
347 1197 446 1253 Pseud.
465 1203 540 1255 1994
558 1200 626 1268 (iam
644 1217 676 1254 ex
695 1200 722 1253 A
740 1201 850 1264 dubio),
873 1200 1007 1254 insulsum
1029 1200 1143 1256 Gruteri
1161 1220 1205 1255 ere·

51 1278 233 1348 plicationcm
258 1282 435 1347 recoquentes.
473 1277 604 1348 loquitur.
631 1281 681 1334 Tu.
705 1279 782 1348 pluri.
811 1283 841 1332 ut
866 1278 1014 1348 Scioppius
1039 1280 1121 1350 ὅπερ.
1148 1283 1203 1336 leet.

61 1357 88 1407 V
103 1364 136 1424 9,
155 1373 271 1426 queem
290 1356 424 1413 flonetius
446 1361 529 1414 sentit
550 1358 664 1414 Tursell.
685 1361 727 1413 II
737 1377 766 1428 p.
787 1363 841 1414 749
855 1375 892 1428 sq.
932 1358 1000 1414 l'irle
1023 1362 1060 1415 ari
1082 1378 1107 1415 u.
1128 1365 1162 1416 39
1182 1367 1206 1416 ct

54 1440 126 1494 udde
149 1438 311 1492 Iliclrterum
334 1439 366 1492 iu
388 1437 509 1493 Student.
530 1439 608 1494 Sturi.
629 1440 649 1491 I
662 1456 692 1508 p,
713 1442 774 1493 531.
796 1469 826 1477 ·-
853 1440 883 1492 at
901 1439 928 1492 te
949 1438 1023 1492 louis
1047 1441 1206 1497 dubitanter

55 1517 238 1574 Bueslrelerus
256 1517 332 1572 Mus.
351 1517 438 1573 Ilien.
460 1518 522 1571 XV
534 1536 564 1589 p.
584 1523 639 1574 445
656 1525 765 1574 serrata
783 1519 815 1572 iu
832 1519 882 1573 boc
900 1535 924 1572 o.
943 1520 1136 1575 terteriectione.

146 1602 190 1652 39.
216 1596 351 1668 perduint
368 1598 531 1667 Lambinus,
549 1599 710 1654 Scriverius.
731 1629 763 1638 —
783 1599 825 1652 iu:
847 1598 980 1653 oboluisti
999 1598 1038 1667 It,
1059 1600 1156 1655 ‘useito
1175 1601 1204 1656 iu

55 1680 127 1750 (coll.
146 1678 248 1734 Pseud.
266 1680 350 1745 1794)
373 1695 386 1733 a
403 1680 542 1747 superiore
560 1695 652 1746 uersu,
676 1696 728 1749 areo
746 1680 816 1745 sorte
835 1680 978 1734 traiectum
996 1684 1061 1735 erat.
1095 1681 1205 1750 Absque

54 1775 109 1829 quo
127 1762 193 1813 esset
211 1759 296 1814 scribi
314 1762 364 1813 aut
382 1756 516 1813 oboluisti
534 1759 565 1812 tu
584 1765 633 1812 aut
652 1759 693 1814 itu
711 1762 741 1813 tu
762 1759 893 1814 oboluisti
908 1760 1039 1829 poterut'.
1075 1760 1116 1814 itu
1135 1762 1201 1816 obo-

55 1837 147 1894 liuisti
166 1838 294 1894 Botulus.
335 1839 375 1907 Of.
394 1840 545 1896 Muellerus
564 1858 594 1910 p.
615 1843 677 1896 533.
698 1844 752 1895 774
776 1839 880 1906 (demi
905 1836 1038 1894 oboluisti
1062 1842 1205 1910 sonitans),

55 1918 188 1975 Kleteius
200 1936 232 1989 p.
251 1922 319 1987 179,
338 1921 398 1975 ulii.
436 1919 557 1977 Ceterum
579 1924 635 1975 iam
655 1919 809 1988 Kuttnerus
832 1920 862 1973 in
886 1921 1006 1975 versione
1029 1920 1098 1991 fu(e)
1116 1923 1206 1976 trusit

56 2001 88 2054 in
106 1999 182 2054 lruuc
199 2015 313 2055 nereum.
638 2059 641 2065 ,

146 2085 190 2134 49.
223 2096 269 2133 rus
295 2096 415 2149 merum,
442 2080 536 2137 hircus
563 2082 678 2151 erenrpli
703 2096 788 2135 causa
811 2076 841 2131 ‘u
861 2094 915 2147 pro
940 2078 1061 2133 rusticus
1087 2080 1203 2149 (hircus)

56 2158 143 2229 ‘arrad
155 2158 314 2228 interpret-is
327 2175 381 2215 esee
394 2165 495 2216 cenum
508 2161 567 2217 cst'.
594 2162 707 2228 rustica,
721 2160 815 2215 hircus
830 2158 988 2228 Spenaelius
998 2160 1098 2214 Plriloi.
1112 2161 1174 2214 XX
1182 2160 1205 2213 V

52 2258 82 2310 p.
98 2244 155 2294 199
168 2254 206 2308 sa.
244 2236 317 2292 ruris
335 2241 441 2295 stercus
462 2240 595 2297 Orainius
614 2243 718 2297 ‘Zscbn
737 2242 757 2307 s.
780 2239 890 2309 Gymn’
912 2240 975 2293 XX
989 2257 1016 2308 p.
1032 2242 1095 2296 479.
1124 2239 1204 2309 ruris,

55 2324 165 2375 stercus
189 2318 344 2388 Vesinpius.
381 2320 501 2388 stercus,
524 2321 619 2376 hircus
647 2338 708 2377 curn
732 2322 821 2374 Leoere
844 2320 936 2375 Herm.
959 2320 1082 2373 XVIII
1101 2337 1130 2388 p.
1150 2325 1206 2375 599

55 2400 229 2468 Berplioque
249 2398 348 2468 Opusc.
368 2401 390 2453 I
402 2417 432 2470 p.
452 2406 506 2456 973
525 2402 691 2457 Ribbcelrine
710 2400 869 2472 ‘Aproibos'
888 2418 916 2468 p.
935 2403 980 2454 23,
1015 2399 1055 2466 Os.
1076 2399 1206 2455 Klotrr'ue

51 2480 310 2549 penserunt.
349 2479 471 2535 Ortmerm
499 2484 531 2537 in
558 2478 647 2553 plasea
675 2483 727 2536 lrrrc
755 2482 860 2535 adscita
888 2480 1024 2548 displicem-
1051 2480 1205 2533 anemurium

55 2559 172 2623 trullus:
191 2553 313 2628 ἆγρότης
331 2561 341 2629 ΙΙ
359 2561 514 2616 mendicus:
534 2559 666 2631 bevotis)
684 2563 773 2617 villeri
791 2561 1005 2615 contaminatam
1026 2576 1080 2613 esse
1097 2562 1204 2614 monuit

57 2639 194 2695 Goeteius.
209 2669 243 2679 —
263 2637 333 2693 hare
351 2656 397 2694 sus
418 2641 443 2695 ‘e
461 2643 516 2697 cori.
534 2641 663 2711 Eustadff
686 2642 804 2697 Colerus.
832 2642 901 2694 hura
919 2638 1093 2693 mostellaria
1111 2641 1204 2703 (siniret

57 2736 156 2774 canem
177 2720 284 2786 omisso)
308 2735 381 2774 mero
403 2738 492 2777 errore
511 2723 693 2787 Scirtariuua,
712 2723 760 2791 aui
782 2721 865 2789 tinnit
884 2738 897 2773 e
916 2720 1023 2774 Donati
1046 2721 1075 2772 in
1096 2719 1204 2774 Pleorm.

58 2799 108 2855 IV
124 2805 156 2866 4,
174 2803 212 2853 29
230 2800 325 2855 uerbis.
362 2801 432 2855 husu
451 2820 529 2856 sirum
555 2803 699 2872 Vssinpius
718 2804 749 2855 in
768 2803 833 2855 ader.

149 2883 192 2933 41.
218 2877 313 2945 Canis,
339 2898 435 2951 cupra,
460 2883 623 2939 commistae
642 2883 805 2936 Lambinus.
838 2879 928 2946 (lanis,
950 2897 1035 2948 capra
1055 2880 1206 2935 commixta

59 2959 206 3015 Turnebus
224 2958 337 3013 Annus.
355 2961 438 3014 XIX
453 2967 495 3017 13.
534 2962 623 3017 Canes
646 2978 731 3032 cupra
754 2961 905 3015 commixto
924 2961 1044 3014 Briaius
1063 2962 1114 3030 Qu.
1130 2977 1206 3030 pros.

54 3059 83 3110 p.
105 3044 142 3095 37
171 3055 232 3094 cum
255 3039 364 3094 Weesio.
403 3041 491 3097 Canes
520 3059 603 3112 capro
632 3042 783 3096 commisto
809 3042 945 3111 Berplsius
974 3041 989 3094 l.
1014 3058 1034 3096 s.
1053 3057 1074 3095 s.
1112 3041 1204 3096 Coeno

58 3117 175 3188 uououiu
198 3119 345 3174 commiste
365 3121 419 3177 Leo
440 3124 456 3176 i.
475 3141 495 3180 s.
515 3141 536 3177 s,
574 3125 696 3178 Caesium
721 3139 804 3190 cupro
830 3121 881 3188 (vel
898 3119 1005 3193 κόπρῳ)
1025 3120 1206 3175 commixtum

60 3199 92 3255 Β
111 3201 172 3255 coll.
187 3200 262 3254 Pers.
278 3202 339 3253 497.
358 3232 388 3240 -
410 3201 478 3270 quid
497 3205 528 3255 tu
547 3203 589 3256 uis
609 3205 722 3272 rnlpata
740 3203 802 3256 iride
821 3219 838 3253 o
858 3202 979 3271 Pylade:
997 3217 1065 3257 corr.
1081 3203 1205 3256 Botln'us.

60 3281 131 3334 blaa
148 3280 263 3351 erarius
279 3284 341 3347 post
359 3281 468 3335 exotica
487 3283 672 3352 elistiupuebot
691 3283 728 3338 It.

149 3365 184 3413 43
199 3375 236 3428 sq.
270 3358 299 3413 Si
321 3361 353 3413 tu
378 3359 430 3414 olis
454 3362 609 3419 Lambinus
634 3365 798 3418 deebitanter.
837 3361 915 3416 Siout
940 3362 999 3416 olei
1019 3363 1101 3417 etiam
1124 3362 1205 3416 Selm-

58 3442 167 3511 binperi
190 3440 247 3495 cod.
262 3457 309 3508 pr.
347 3440 425 3494 Sicut
448 3445 477 3495 tu
505 3444 563 3497 oles
583 3444 752 3499 Saraecuus:
776 3459 828 3512 quo
852 3448 956 3511 recepto
977 3444 1069 3510 (corten
1093 3441 1123 3496 Si
1146 3444 1206 3496 tute

59 3522 132 3577 oles:
151 3536 203 3573 uec
224 3520 360 3589 superios)
380 3538 431 3575 neo
450 3523 586 3591 superiori
606 3524 771 3577 uccrunbere
789 3523 908 3577 Botlrius
926 3539 1009 3577 coru:
1028 3530 1108 3592 utque
1127 3539 1207 3591 supe·

57 3604 131 3656 riore
157 3602 225 3668 (scil.
247 3602 314 3669 loco)
338 3601 419 3655 etiam
438 3602 558 3673 Miratus
579 3622 607 3672 p.
628 3610 663 3659 49
677 3622 714 3674 sq.
735 3606 814 3670 mlii,
833 3619 886 3672 quo
904 3620 984 3657 sensu
1003 3603 1130 3672 sirperios
1157 3621 1206 3656 an-

58 3683 132 3750 tique
150 3681 253 3734 dictum
272 3696 327 3735 esse
343 3682 398 3736 sibi
412 3685 551 3750 persuasit
571 3685 718 3738 Grrnelinus
739 3684 813 3737 ‘Ilio
832 3685 862 3737 ‹li
880 3684 958 3749 filol'
981 3684 1027 3736 VI
1042 3701 1069 3752 p.
1086 3688 1204 3753 453sq11.

57 3763 216 3830 obloquente
230 3760 372 3815 Loreueio.
403 3761 490 3815 l'erba
509 3780 590 3831 quum
612 3780 674 3817 orus
693 3765 774 3818 etiam
789 3764 928 3817 Gruterus
947 3764 1048 3832 aliique
1063 3779 1117 3831 pro
1135 3765 1205 3832 pios·

56 3846 155 3895 seneatc
174 3841 318 3907 trabebant,
333 3857 387 3908 pro
401 3842 500 3911 quibus
518 3860 581 3895 oum
601 3860 647 3897 ero
668 3845 762 3911 (quom
782 3861 828 3897 oro
847 3845 911 3897 olim
929 3845 1073 3910 scriptum)
1093 3842 1136 3906 lt,
1152 3859 1205 3910 pro

57 3937 114 3975 erno
132 3936 214 3975 sessu
228 3921 297 3975 eluas
311 3920 375 3974 olim
390 3923 441 3975 tuli
455 3928 478 3976 ct
496 3926 630 3978 sententia
644 3931 668 3977 ct
682 3931 822 3978 structura
840 3925 925 3989 fuisse
935 3923 1078 3990 probabile
1093 3924 1205 3975 riticius:

59 4001 88 4054 Si
108 4002 140 4054 to
160 4001 229 4067 oles,
248 3999 300 4071 <at
318 3999 380 4053 istis
396 4004 447 4071 eigo
465 4003 575 4071 placere
592 4005 647 4058 hau
663 4003 775 4074 pbstulo
791 4001 959 4073 Munditiis>
978 4018 1066 4068 nesure
1082 4000 1208 4069 supirior

58 4099 121 4135 uum
147 4098 195 4134 ero
220 4081 400 4135 accumbere.-
423 4084 473 4137 ubi
491 4103 508 4136 a
527 4100 616 4151 neque
641 4087 678 4139 ael
701 4101 791 4151 nequa
816 4082 942 4151 superior
961 4083 1099 4134 (aberrasse
1123 4082 1207 4133 libra·

57 4165 131 4215 rium
159 4161 311 4230 Seyffertus
334 4166 422 4229 pietat.
463 4164 504 4228 Os.
530 4165 566 4217 aa
589 4183 612 4219 n.
632 4169 667 4217 45
681 4182 718 4233 sq.
756 4165 821 4218 Sine
847 4165 947 4216 lacaena
974 4177 1063 4228 neque
1090 4161 1207 4228 superbe

58 4260 121 4296 cnm
146 4257 194 4295 ero
215 4242 355 4310 Bupalus,
375 4259 463 4311 neque
489 4242 612 4297 lubidost
634 4262 695 4298 curn
721 4262 767 4298 oro
787 4243 843 4296 Leo
862 4245 879 4295 l.
898 4259 918 4295 s.
938 4258 958 4295 e.
978 4258 1005 4308 p.
1026 4243 1094 4308 595,
1117 4254 1207 4306 neque

57 4321 138 4376 sueni
167 4322 219 4389 (vel
238 4322 306 4387 scio)
327 4321 400 4375 erior
419 4339 501 4391 quam
521 4342 583 4378 erus
603 4324 642 4381 Ε.
680 4326 727 4377 Aa
746 4322 819 4376 orior
839 4338 921 4390 quum
943 4337 1004 4373 arus
1029 4322 1062 4386 cs.
1085 4320 1209 4373 ‘Poenus

59 4401 192 4455 Poenior'
213 4405 237 4454 et
258 4401 368 4468 ‘patrue
385 4403 424 4454 nei
443 4405 632 4471 patruissimc'
653 4402 928 4473 (Foeneratum)
953 4417 1072 4468 arcaeque
1090 4400 1208 4453 Briaius

56 4482 192 4552 compesuit
211 4481 249 4534 ael
270 4480 295 4533 T
293 4481 348 4534 riu.
368 4486 424 4536 397
442 4488 466 4535 et
487 4484 563 4537 Ilien.
584 4489 648 4537 999.

148 4567 183 4614 45
198 4578 236 4629 sq.
271 4561 330 4613 tum
355 4561 466 4615 selectis
488 4570 550 4631 post
569 4564 700 4634 Pyladem
725 4562 783 4630 (qui
801 4562 882 4614 ctiam
907 4559 1032 4613 scelestis
1053 4561 1208 4629 proposuit)

62 4642 282 4709 Wourreumque
307 4641 374 4694 mire
401 4642 581 4710 Heindorfius
606 4646 636 4697 in
663 4644 732 4696 Ilor.
752 4657 828 4694 seren.
849 4642 869 4692 I
888 4645 931 4703 19,
950 4644 993 4693 44.
1015 4658 1150 4708 -quam
1178 4642 1209 4693 tu

56 4723 154 4776 uiuere
178 4727 240 4790 post
264 4720 397 4789 Pyladem
420 4722 538 4776 Bolbiers
562 4725 636 4776 rrrrrle.
675 4740 758 4790 quum
778 4724 810 4773 tn
829 4720 895 4774 uiuo
915 4720 971 4773 Leo
993 4721 1008 4773 l.
1029 4737 1049 4774 s»
1069 4737 1090 4774 s.
1116 4720 1208 4775 l'ssin·

54 4805 186 4873 piusque.-
205 4802 256 4854 ubi
271 4805 335 4868 post
354 4817 436 4868 quam
457 4807 488 4856 tu
508 4802 579 4856 uiuis
599 4803 719 4856 uictibus
734 4802 902 4855 intercidisse
916 4817 1019 4855 vcereum
1036 4800 1065 4851 It
1079 4803 1209 4870 putabat,
