2910 5528
136 677 241 726 ss-es
613 673 798 728 APPENDIX
1217 680 1279 743 125

135 849 159 886 o.
170 834 218 899 38)
233 831 263 884 Β
272 835 409 902 praetulit
422 835 558 889 trochaico
572 834 663 900 (aliter
677 834 782 903 Prolep.
795 852 824 904 p.
837 835 922 890 CXX
926 836 990 890 VII
991 843 1013 902 ):
1026 842 1056 892 at
1070 839 1105 904 of.
1120 838 1278 910 Speapelius

139 911 169 966 Τ.
191 912 235 966 Μ.
255 913 290 966 Ρ.
307 930 338 981 p.
358 918 421 980 147,
439 915 475 968 ol.
495 914 603 968 ibidem
622 930 673 982 par
687 930 741 981 pro
760 915 805 967 sal
824 915 1011 991 ljsendijlrius
1028 919 1227 986 interpolabat:
1250 928 1279 975 at

135 993 170 1057 es.
191 992 337 1047 Charisius
354 995 419 1048 inst.
437 1010 478 1062 pr.
498 995 540 1047 ΙΙ
554 1010 583 1061 p.
603 998 669 1060 217,
686 997 725 1048 25
744 995 782 1048 K.
808 993 887 1062 (satis
911 995 1020 1051 diuerso
1044 998 1193 1069 accipitur:
1215 1001 1278 1056 dost

134 1080 185 1126 τοῦ
208 1087 261 1142 par
284 1072 409 1128 Lucilius
434 1076 592 1127 saturarum
617 1072 674 1128 ‘cui
698 1072 721 1126 si
746 1073 872 1128 coniuret
894 1076 1015 1145 populus
1038 1076 1086 1130 uix
1110 1082 1186 1132 totus
1210 1080 1278 1134 satis

135 1153 208 1221 sit’).
226 1184 261 1194 -
288 1154 318 1209 V.
335 1160 371 1208 29
394 1171 456 1208 eum
473 1154 574 1209 Botlsio
597 1171 651 1224 ago
675 1151 830 1207 eleutheria
848 1153 879 1206 a
899 1155 1052 1226 adiuapens
1071 1156 1166 1222 Quid.
1183 1202 1189 1213 .
1204 1202 1211 1214 .
1227 1203 1232 1214 .
1247 1162 1279 1214 tu

134 1234 290 1302 peregrim:
311 1235 361 1289 nbi
384 1234 462 1307 agito
484 1234 658 1288 eleutherum
677 1233 745 1302 (soil.
766 1232 866 1300 dieml)
885 1234 1045 1304 Spenpelius
1064 1236 1150 1303 ‘Bel’
1167 1254 1197 1305 p.
1212 1243 1279 1306 388,

133 1329 198 1366 eum
216 1315 423 1383 anapaeslioum
440 1315 569 1369 uitiosum
589 1315 738 1368 constituat
756 1313 886 1367 Klataius
905 1331 936 1383 p.
951 1321 1013 1371 118.
1028 1320 1089 1370 443.
1129 1317 1170 1383 Cf.
1189 1318 1278 1373 Sliolei

133 1409 160 1445 a.
180 1395 235 1446 421
249 1409 286 1462 sq.
306 1398 331 1448 et
348 1395 410 1449 vide
423 1396 515 1463 praef.
531 1425 564 1433 -
584 1392 614 1446 V.
629 1399 664 1447 30
686 1391 780 1446 Sicubi
800 1391 853 1447 tibi
874 1395 918 1448 ‘ea
935 1396 1049 1450 sinceris
1066 1399 1276 1466 eamaplaribus’

135 1473 216 1528 Pius.
255 1472 283 1528 Si
306 1477 368 1528 tute
390 1473 445 1528 tibi
470 1475 657 1529 Camerarius:
684 1475 757 1542 quod
779 1476 878 1542 recepit
895 1474 925 1527 23
948 1476 1051 1530 addens
1075 1476 1119 1530 ‘de
1142 1479 1277 1533 trochaico

133 1555 277 1609 octonario
295 1555 433 1625 quispiam
451 1556 547 1624 eapitet
566 1554 631 1607 tali:
650 1551 722 1606 Tute
741 1551 765 1605 si
784 1551 837 1607 tibi
856 1551 927 1607 0000
946 1571 1005 1609 0000
1024 1557 1091 1625 pote
1110 1559 1180 1625 pati,
1199 1557 1277 1612 ueni:

133 1631 208 1686 bene
227 1636 305 1688 uiuos
324 1635 454 1689 msaum'.
493 1633 523 1688 Si
541 1636 573 1687 tu
590 1632 644 1686 tibi
663 1633 782 1686 Brisius
800 1632 819 1685 l.
837 1649 857 1686 s.
876 1650 897 1687 s.
913 1652 943 1702 p.
962 1637 998 1687 13
1016 1639 1089 1704 (moa
1107 1636 1182 1706 potis
1201 1653 1229 1690 es
1248 1639 1276 1692 te

134 1712 198 1781 pati
215 1715 345 1781 0000000)
371 1716 485 1784 itemque
504 1714 665 1783 Spenpelius
684 1711 769 1777 ‘Refi’
785 1729 816 1780 p.
837 1716 892 1766 386
911 1712 996 1782 (Quid
1015 1715 1072 1768 iam
1163 1717 1233 1771 bene
1252 1723 1277 1772 et

133 1791 217 1849 Pota.
229 1837 236 1850 .
247 1837 253 1848 .
264 1794 355 1850 ‚uictu
368 1796 562 1864 complectens).
587 1793 666 1846 Sicut
680 1791 733 1846 tibi
744 1810 873 1861 peruersa
885 1810 952 1848 sane
964 1795 1072 1849 ratione
1085 1796 1138 1861 des.
1149 1794 1277 1852 Klotrius

134 1889 161 1941 p.
177 1877 223 1928 57.
242 1877 307 1927 412.
327 1877 396 1928 047·
420 1876 456 1941 ef.
474 1873 624 1945 Seyffertns
644 1873 729 1927 ‘Berl
745 1874 815 1941 phil.
839 1872 962 1928 Wsclir)
984 1874 1036 1928 XI
1051 1880 1150 1944 (1891)
1165 1894 1195 1946 p.
1210 1881 1277 1932 928.

135 1952 195 2006 Pro
209 1951 289 2006 uiues
303 1969 411 2007 meeum
425 1955 498 2007 oelut
513 1955 583 2007 bene
598 1951 697 2022 (laute)
713 1954 791 2005 uiues
806 1969 916 2006 mecum
925 1953 1117 2009 desiderabant
1127 1956 1280 2012 Muellerus

134 2031 214 2086 Pras.
228 2049 259 2101 p.
273 2037 339 2087 217.
354 2036 406 2088 301
426 2039 451 2088 et
468 2034 693 2103 Leppermannus
713 2032 757 2086 ‘de
775 2039 887 2102 corrept.
907 2049 962 2087 roe.
982 2035 1075 2088 lamb)
1097 2037 1137 2090 ed.
1158 2038 1278 2093 Monast.

134 2131 161 2167 a.
181 2117 258 2167 1890
272 2130 302 2182 p.
318 2117 353 2167 43
379 2115 499 2185 nepleeta
521 2113 721 2185 aprificatione
745 2129 790 2177 ea,
813 2113 845 2166 de
862 2129 918 2182 qua
935 2114 1048 2168 ridendi
1065 2115 1224 2185 interpretes
1242 2119 1280 2171 ad

136 2190 246 2248 Caudi
264 2209 285 2247 a.
305 2192 359 2247 Vl
384 2198 409 2248 et
431 2193 544 2248 Nonius
557 2212 588 2262 p.
605 2197 647 2257 14,
661 2197 695 2245 13
711 2191 751 2246 Μ.
772 2191 879 2261 (‘sieuti
905 2191 954 2259 qui
971 2210 1044 2246 0000
1064 2195 1107 2247 ssi
1124 2193 1152 2248 in
1172 2213 1280 2250 summa

134 2270 246 2326 laetitia
273 2271 369 2327 uiuere
397 2288 461 2327 eum
489 2271 634 2326 dicimus':
663 2272 697 2337 el.
727 2273 808 2325 etiam
838 2271 983 2340 ‘conuina,
1011 2275 1195 2342 conuiuium',
1220 2277 1277 2341 ul.).

134 2352 307 2422 Quammm
325 2353 375 2407 lsoc
393 2354 449 2407 loeo
468 2354 535 2408 duee
553 2352 581 2406 B
596 2352 773 2421 praetulerim
793 2354 865 2418 0001,
885 2350 964 2406 uiuis
984 2369 1046 2406 meo
1065 2355 1095 2421 (i.
1114 2371 1134 2408 e.
1153 2355 1187 2408 de
1204 2372 1276 2408 uteo:

134 2432 167 2497 rs.
187 2433 327 2502 Berqln'us
346 2431 457 2487 ‘Beata'
474 2450 504 2502 p.
520 2437 555 2487 59
575 2433 640 2487 adn.
659 2437 684 2485 et
702 2430 822 2484 Brixiae
840 2432 878 2485 ad
899 2431 963 2484 Mil.
983 2449 1007 2485 0.
1023 2437 1097 2499 995).

221 2519 256 2566 32
271 2529 325 2582 sqq.
345 2512 420 2568 Vah.
432 2556 438 2568 .
449 2557 455 2568 .
468 2513 609 2581 ,pruriunt
625 2513 697 2583 (eune
712 2510 883 2579 Camerario)
902 2513 990 2566 uerbis
1007 2510 1140 2566 Basilica.
1153 2512 1278 2568 ...uictu

135 2594 266 2648 adiuuem
288 2592 318 2646 Β
340 2595 405 2648 dein
427 2595 499 2662 (aum
519 2594 631 2662 Weisio)
656 2591 729 2657 Quia
744 2636 749 2646 .
762 2635 766 2646 .
779 2634 803 2647 ..
821 2591 960 2657 Quidnam
984 2591 1013 2644 id
1039 2594 1082 2646 est
1104 2594 1278 2662 omupleatens

135 2672 220 2727 deleto
242 2672 287 2727 m'e
311 2679 375 2728 ante
398 2690 482 2726 uuum
508 2674 567 2741 (ubi
587 2672 658 2737 Quia
673 2717 678 2727 .
691 2717 696 2727 .
709 2716 731 2727 ..
748 2673 812 2725 med
831 2690 916 2727 uuum
936 2671 1086 2726 excruciat.
1107 2677 1123 2743 ff
1142 2672 1214 2737 Quid
1234 2674 1278 2726 est

135 2752 283 2822 Weisins):
302 2756 336 2820 os.
351 2753 556 2808 Studemrnulus
574 2753 606 2806 de
625 2758 696 2806 eant.
714 2770 742 2820 p.
758 2757 784 2815 4,
805 2750 957 2806 Muellerus
971 2753 1048 2806 Pros.
1064 2770 1094 2820 p.
1109 2757 1175 2817 324,
1189 2753 1225 2805 al.
1242 2783 1276 2791 —

134 2831 168 2886 V.
184 2838 219 2886 33
240 2833 299 2887 dies
319 2850 428 2887 summa
443 2851 496 2902 pro
515 2835 549 2887 de
570 2850 678 2886 summa
694 2833 883 2886 Camerarius:
901 2832 974 2885 unde
993 2849 1055 2886 mea
1074 2830 1113 2884 mi
1132 2832 1224 2885 amica
1237 2832 1275 2898 Ή,

135 2915 241 2966 usaest
263 2913 370 2967 amicas
390 2914 562 2983 Speupelr'us,
585 2931 645 2968 eum
664 2912 740 2966 Haeo
764 2914 902 2965 summast
920 2913 971 2979 (ael
990 2912 1033 2963 est
1052 2915 1172 2979 summa)
1192 2910 1276 2966 hodie

136 2992 193 3046 iius
217 2994 258 3048 ael
281 2993 358 3048 Haeo
381 2993 464 3047 hodie
488 2994 625 3046 summast
648 2991 707 3046 dies
731 2993 844 3046 traiciat
863 2992 993 3045 Kloteius
1007 3009 1038 3061 p.
1053 2997 1117 3046 412.
1133 2995 1194 3045 548.
1233 2992 1275 3057 Cf.

136 3072 287 3128 Muellerus
312 3074 391 3128 Pros.
411 3091 441 3142 p.
457 3078 519 3140 711,
538 3072 676 3126 ‘Naolstm’
699 3089 728 3141 p.
747 3077 784 3127 85
810 3077 834 3125 et
856 3073 918 3126 aide
935 3073 1026 3140 praef.
1044 3102 1077 3111 -
1103 3072 1134 3126 V.
1149 3077 1183 3125 34
1202 3086 1275 3124 nune

136 3152 176 3206 uis
199 3154 251 3207 del.
276 3152 320 3221 B,
342 3171 403 3208 cuns
425 3158 512 3208 octoa.
536 3153 617 3206 lamb.
642 3153 809 3222 hypercatal.
833 3153 982 3217 defendant
1005 3151 1164 3221 Speupelius
1188 3153 1274 3219 ‘Refi’

136 3250 157 3288 0.
175 3237 234 3288 291
259 3234 437 3304 Klotziusque
457 3250 488 3302 p.
507 3237 575 3287 413:
600 3233 662 3286 olda
682 3234 772 3301 praes.
787 3262 820 3270 -
846 3232 876 3285 V.
896 3237 931 3286 30
954 3232 1057 3286 Facere
1080 3248 1124 3284 me
1148 3233 1223 3300 potis
1247 3249 1276 3286 00

136 3315 271 3367 maeierat
296 3315 381 3382 Pius,
402 3312 444 3366 Tu
468 3312 521 3365 tibi
546 3329 589 3365 me
613 3313 705 3366 facere
729 3312 805 3381 potis
829 3330 858 3366 00
879 3313 1006 3382 Pylades.
1045 3312 1135 3365 Tuum
1159 3312 1211 3365 tibi
1231 3331 1274 3365 me

136 3392 224 3449 ’acere
243 3393 319 3463 potis
338 3412 368 3448 es
383 3394 511 3449 Bellias.
543 3393 644 3445 Facere
665 3393 785 3446 amicum
804 3409 849 3446 me
867 3391 921 3446 tibi
939 3393 1014 3461 potis
1034 3409 1063 3445 es
1080 3393 1224 3446 Mal-ierus
1242 3394 1274 3445 de

136 3491 210 3530 non.
228 3491 299 3544 pers.
316 3493 344 3544 p.
361 3479 403 3529 44.

219 3544 262 3609 37.
282 3555 312 3608 iu
330 3557 380 3609 del.
400 3571 461 3608 eum
482 3553 587 3622 Capeto
606 3551 634 3605 R
653 3554 684 3606 iu
703 3555 766 3607 edit.
792 3554 861 3607 ‘nisi
883 3552 912 3605 iu
934 3551 1029 3606 triduo
1050 3554 1098 3605 aut
1117 3552 1273 3620 quadriduo

137 3653 184 3690 soa
209 3653 270 3690 cum
294 3636 475 3690 Lachmanno
497 3633 606 3687 males’:
628 3635 699 3686 idem
720 3639 817 3701 postea
840 3633 892 3698 des.
914 3633 1012 3701 Opuse.
1027 3632 1097 3700 phil.
1119 3631 1161 3683 ΙΙ
1176 3649 1203 3700 p.
1218 3635 1275 3685 205

137 3719 245 3784 'imaque
268 3715 401 3769 Xlolrius
419 3732 449 3783 p.
469 3719 513 3778 70,
538 3716 597 3768 alii.
637 3714 677 3779 cf.
703 3713 785 3766 eliam
809 3712 961 3764 Muellerus
979 3711 1057 3764 Pras.
1073 3726 1104 3777 p.
1124 3715 1180 3764 398
1201 3728 1275 3763 oona

138 3802 266 3866 eruptans
282 3813 408 3865 secusque
426 3796 580 3848 iudicantes
599 3794 751 3847 Loreneius
769 3792 807 3843 ad
827 3792 911 3844 Most.
930 3808 955 3844 0.
975 3794 1033 3843 238
1059 3795 1083 3843 et
1102 3790 1226 3843 Baeliius
1244 3791 1275 3840 in

137 3876 254 3930 iisdem.
268 3875 347 3930 Stud.
363 3876 403 3928 II
411 3892 441 3944 p.
459 3878 512 3927 178
525 3890 561 3941 sq.
593 3873 716 3926 Ceterum
731 3871 760 3924 in
776 3872 840 3924 hoc.
852 3913 858 3925 .
870 3913 876 3924 .
888 3869 1056 3937 ,quadriduo
1071 3870 1122 3922 del.
1139 3867 1274 3931 Ijsendij-

137 3957 193 4010 iius
216 3957 232 4010 l.
253 3972 273 4009 s.
293 3960 330 4009 a!
372 3956 532 4010 Clausulam
559 3955 615 4007 iam
640 3952 814 4006 Camerarius
842 3949 995 4018 separavit:
1022 3948 1056 4011 cs.
1083 3947 1220 4000 Cleristius
1242 3948 1275 4000 de

138 4037 331 4104 ›araeatalopa
344 4054 374 4104 p.
391 4040 427 4089 58
445 4035 541 4104 [210]Ι
556 4065 588 4072 -
615 4034 646 4086 V.
662 4038 695 4085 38
715 4031 737 4084 si
757 4029 915 4098 benignus,
935 4025 1052 4079 subueni
1071 4027 1184 4079 Parcus.

221 4122 256 4170 39
270 4133 325 4184 sqq.
347 4116 465 4169 ‘Versus
488 4119 598 4168 39-42
623 4114 800 4166 Hermannus
824 4111 855 4163 in
879 4110 966 4162 laltni
991 4107 1094 4160 Annal.
1117 4106 1185 4173 plu'l.
1212 4122 1272 4159 noo.

140 4239 146 4249 .
165 4193 294 4248 XXXV
306 4212 335 4263 p.
354 4200 407 4249 193
426 4201 451 4249 et
470 4199 523 4248 194
542 4196 583 4247 ita
602 4193 753 4259 discripsit,
770 4196 802 4244 ut
819 4191 954 4244 rationem
972 4187 1078 4241 nullam
1096 4186 1204 4239 liaberet
1223 4185 1274 4238 im-

138 4275 239 4330 »udens
258 4277 397 4329 vocabuli:

202 4355 264 4420 Qua
282 4355 451 4410 confidentia
469 4372 568 4423 rogare
588 4354 734 4423 argeutum
754 4355 864 4407 tantum
883 4369 900 4405 a
918 4366 962 4404 ma
982 4350 1086 4403 addes?

202 4435 276 4500 Quin
296 4437 320 4489 si
339 4438 451 4506 &gomet
469 4438 546 4489 totus
566 4435 695 4499 aeneam,
716 4433 763 4487 uix
781 4432 867 4502 recipi
887 4430 988 4500 possit,
1008 4430 1130 4497 quadiu

200 4514 310 4585 Rogas:
329 4533 394 4569 nam
413 4519 444 4569 tu
464 4533 565 4583 aquam
584 4531 601 4567 a
619 4513 732 4582 pdmice
752 4530 823 4567 0000
843 4510 949 4580 poscis,
969 4508 1017 4578 qui
1037 4508 1114 4577 ipsus
1133 4507 1212 4562 sitiat

138 4602 237 4653 ntaata
263 4597 419 4664 relinquens
443 4598 581 4664 proxima.
620 4595 673 4648 Cui
697 4593 873 4660 discriptioni
896 4592 986 4645 nescio
1010 4607 1048 4642 an
1070 4589 1135 4642 leaeo
1154 4589 1274 4658 praesti·

138 4696 193 4733 ura
213 4678 264 4730 sit:

201 4756 264 4823 Qua
283 4756 451 4813 ooufideutir‘a
469 4774 568 4828 rogare
588 4757 631 4809 md
651 4757 761 4809 tautum
780 4754 878 4821 audes,
898 4752 1063 4822 impudens?
