2910 5528
530 829 732 889 PRAEFATIO
1099 829 1230 921 xxxur

137 999 234 1065 ssarii
253 1004 344 1065 sunt:
364 1001 481 1084 quibus
507 999 546 1064 ad
567 1022 596 1064 v.
612 1000 676 1064 628
697 998 854 1063 adiunctis
874 998 901 1062 si
921 999 993 1082 quis
1013 1001 1088 1061 ante
1108 1020 1136 1062 v.
1152 996 1217 1062 653

162 1129 276 1172 revera
303 1104 429 1191 extant)
459 1111 526 1170 tres
555 1106 630 1170 illos
661 1105 853 1189 collocabat,
882 1106 1059 1169 breviorem
1089 1103 1215 1169 efficere

134 1215 172 1278 rit
190 1213 368 1297 dialogum.
400 1212 492 1278 Idem
511 1214 598 1278 valet
617 1212 655 1276 de
675 1212 820 1276 versibus
844 1212 918 1276 549.
942 1211 1015 1276 553.
1040 1210 1114 1275 557.
1138 1210 1212 1276 558.

154 1321 260 1384 -sic
284 1320 370 1384 enim
395 1341 464 1385 sese
483 1319 649 1406 excipiunt
674 1319 708 1382 in
732 1318 823 1382 libris
848 1318 955 1402 priore
978 1318 1049 1382 loco
1066 1339 1120 1381 -ε
1145 1318 1214 1401 qui·

135 1427 320 1492 coniunctis
340 1427 493 1510 ambages
512 1447 662 1490 versuum
683 1424 870 1491 550-552.
885 1423 1061 1489 atr-556
1079 1424 1213 1488 circum-

135 1536 262 1598 bautur.
294 1532 394 1598 Porro
419 1554 456 1598 ex
481 1533 527 1597 eis
548 1532 704 1615 versibus,
729 1532 783 1615 qui
807 1553 844 1595 ex
865 1531 1083 1595 Ambrosiano
1107 1551 1211 1595 acces·

135 1646 186 1726 ut,
210 1662 284 1704 cum
307 1661 374 1704 non
396 1661 515 1724 paucos
541 1661 638 1723 supra
660 1635 705 1724 (p.
724 1636 852 1722 XVIII)
876 1636 1051 1701 viderimus
1080 1641 1213 1721 propter

137 1747 347 1811 oeoteleuton
366 1746 416 1810 vel
439 1744 693 1811 homoeoarcton
717 1743 919 1809 intercidisse
943 1743 977 1806 in
1000 1742 1039 1828 P,
1062 1743 1118 1828 qui
1142 1745 1211 1808 sine

135 1853 264 1918 ratione
283 1852 515 1918 interciderunt
529 1852 673 1917 continui
689 1874 717 1915 v.
731 1850 907 1916 940-945
922 1846 954 1936 (7
970 1851 1041 1915 vide
1055 1848 1206 1935 append.)

135 1959 318 2024 ott-1061
334 1958 474 2024 fortasse
489 1981 554 2024 non
568 1957 786 2043 neglegentia,
801 1957 856 2020 sed
871 1958 1095 2022 retractatoris
1111 1980 1210 2042 opera

135 2067 150 2129 i
167 2069 253 2129 sunt
284 2064 370 2141 Quin
388 2066 485 2130 etiam
505 2066 661 2129 maiorem
675 2065 767 2128 illam
782 2067 907 2147 partem
925 2059 1031 2148 (XXV
1046 2062 1205 2149 senarios)

135 2196 138 2207 ·
167 2171 305 2236 61026
330 2177 362 2236 et
387 2172 470 2236 1027
506 2172 659 2236 amissam
687 2170 795 2255 potuit
823 2169 878 2233 1116
906 2190 1085 2254 removere,
1112 2191 1203 2255 prae-

135 2301 165 2341 m
195 2299 270 2342 cum
293 2277 327 2342 in
354 2299 393 2341 66
420 2277 601 2342 necessario
630 2276 804 2361 repetenda
834 2279 944 2340 essent
974 2276 1132 2360 quaedam
1166 2299 1204 2341 ex

154 2383 267 2448 fabula
290 2384 529 2468 spectatoribus
552 2387 645 2448 nota:
672 2383 789 2467 quibus
819 2382 1014 2467 ambagibus
1038 2383 1203 2448 offendens

135 2490 186 2554 uis
214 2514 280 2556 non
309 2492 377 2555 sine
406 2491 563 2555 sermonis
591 2489 683 2553 hiatu
712 2489 845 2553 61026
875 2493 907 2554 61
937 2490 1021 2553 1027
1052 2510 1121 2554 6666
1151 2512 1202 2553 ex·

135 2620 163 2662 :e
184 2597 333 2680 voluerit,
352 2598 503 2662 damnum
524 2596 690 2661 admiserit
709 2597 803 2679 quale
823 2595 908 2678 apud
926 2618 988 2660 nos
1009 2618 1136 2681 quoque
1155 2619 1204 2661 re-

135 2708 251 2769 tatores
281 2703 405 2769 histrici
434 2704 519 2767 baud
544 2725 617 2767 raro
642 2702 760 2767 fabulis
790 2703 941 2765 inferunt.
986 2703 1086 2767 Paulo
1112 2704 1207 2768 aliter

135 2811 233 2906 parati
268 2815 344 2874 sunt
376 2832 478 2894 neque
511 2810 583 2893 pari
612 2830 722 2872 omnes
755 2809 880 2871 ratione
913 2808 1099 2891 explicandi
1128 2831 1208 2893 quos

148 2916 313 3000 plerisque
334 2917 557 2980 damnavimus
578 2939 606 2979 v.
622 2917 662 2980 87
680 2937 740 2998 sq.,
759 2916 801 2978 93
813 2937 859 2997 sq.
865 2965 873 2997 ‚
897 2916 958 2978 126
971 2937 1025 2998 sq.,
1048 2917 1119 3000 185,
1134 2918 1210 3000 286,

135 3045 195 3106 sq.,
219 3023 285 3087 306
296 3045 357 3106 sq.,
375 3023 441 3086 410
461 3022 555 3107 (adde
575 3021 803 3086 6666110316
824 3045 851 3085 v.
869 3018 917 3105 6.).
954 3019 1075 3086 Versus
1100 3028 1206 3087 autem

146 3151 210 3212 quo
231 3128 366 3193 consilio
386 3129 531 3192 versibus
547 3128 611 3192 224
627 3150 673 3211 sq.
694 3127 842 3191 videatur
861 3127 1057 3193 substitutus
1073 3151 1151 3213 esse,
1176 3132 1209 3192 in

135 3234 236 3298 endioe
260 3235 453 3320 significavi:
479 3235 587 3319 itaque
608 3234 742 3298 eandem
763 3256 894 3297 manum
913 3234 1032 3317 prodit,
1057 3259 1153 3320 quam
1173 3238 1208 3299 in

135 3342 299 3405 68-223
334 3341 557 3426 dittographia
590 3337 872 3423 deprehendimus:
906 3340 961 3423 qui
997 3365 1104 3406 versus
1144 3366 1210 3407 non

135 3475 154 3513 0
181 3471 239 3532 per
261 3449 470 3531 repetitiones
490 3447 647 3533 quasdam
671 3447 814 3529 insignes
840 3453 923 3527 suut,
947 3447 1002 3510 sed
1028 3450 1126 3512 etiam
1151 3473 1209 3533 per

135 3579 198 3619 um
219 3577 369 3618 versuum
389 3553 656 3639 stichomythiam
675 3553 803 3637 longius
828 3554 1026 3635 productam,
1052 3556 1091 3618 ad
1112 3578 1208 3640 quam

135 3664 227 3725 imus
256 3662 310 3724 1116
339 3682 432 3743 quem
461 3662 710 3744 significavimus
734 3660 824 3723 locus
849 3682 878 3722 v.
898 3661 961 3724 247
989 3658 1047 3746 (=
1068 3661 1210 3749 22166.)

135 3769 185 3832 ’26
211 3789 283 3831 6666
306 3767 454 3850 adplicat.
492 3767 562 3841 Qua
586 3768 810 3830 observatione
835 3769 972 3849 augetur
995 3769 1208 3850 probabilitas

135 3875 244 3938 entiae
274 3896 292 3937 6
321 3872 454 3938 11661616
487 3879 561 3956 post
588 3871 810 3956 Ladewigium
846 3880 1083 3957 propugnatae,
1112 3900 1208 3961 quam

135 3985 262 4062 uerunt,
286 4002 349 4042 non
373 3980 556 4043 refutarunt
580 3980 708 4042 Brixius
732 3977 973 4061 Langenusque.

147 4087 303 4170 Sequitur
326 4091 361 4148 ut
384 4087 422 4149 de
446 4091 570 4150 mutata
595 4109 614 4149 6
637 4085 817 4148 Ititschelio
842 4091 993 4148 actuum
1017 4088 1208 4151 distribu—

135 4216 165 4258 16
195 4193 353 4272 dicamus,
382 4191 420 4256 de
444 4215 507 4276 qua
535 4193 579 4256 sic
608 4192 801 4274 disputavit:
832 4189 896 4252 ‘De
926 4212 952 4254 v.
973 4192 1035 4255 857
1061 4199 1093 4256 61
1124 4196 1208 4258 1040

136 4300 222 4364 tatio
246 4321 312 4364 non
335 4305 385 4362 661
404 4301 481 4382 quin
504 4301 549 4363 ibi
574 4305 659 4362 66616
684 4298 798 4361 1661166
824 4300 856 4359 61
879 4301 1012 4379 quartus
1037 4301 1209 4363 terminen-

155 4405 219 4469 Sed
239 4427 297 4469 nec
318 4405 491 4470 66666532
511 4408 599 4469 tertii
619 4428 675 4469 nec
696 4403 824 4468 secundi
845 4408 936 4465 66166
956 4403 1084 4467 initium
1101 4428 1129 4469 v.
1144 4407 1208 4471 348

150 4534 230 4576 sana
250 4513 376 4576 ratione
396 4517 515 4596 potest.
544 4512 630 4576 Nam
649 4513 702 4576 hic
717 4512 846 4596 quidem
866 4515 933 4573 tam
954 4516 1062 4594 aperte
1083 4513 1209 4578 institu-

140 4619 309 4703 superiore
324 4640 440 4682 scaena
449 4620 633 4684 convivium
644 4619 860 4700 continuatur,
871 4621 907 4679 ut
918 4618 956 4679 de
968 4617 1209 4703 intercapedine

136 4733 208 4789 tare
232 4747 365 4807 prorsus
390 4727 535 4810 ineptum
560 4727 611 4791 sit.
645 4727 715 4789 11116
735 4730 843 4788 661666
864 4729 899 4786 61
925 4747 1027 4789 novus
1047 4731 1139 4791 actus
1164 4728 1208 4791 di-

135 4837 272 4913 )666166,
304 4832 389 4896 haud
416 4833 509 4897 dubie
533 4834 594 4897 hoc
618 4834 734 4914 movit,
759 4829 843 4914 quod
868 4829 927 4914 qui
946 4832 1042 4897 modo
1066 4831 1108 4919 (v.
1129 4834 1209 4921 528)

135 4944 188 5003 661
210 4938 441 5023 Theuropides,
464 4940 528 5002 1666
549 4963 578 5003 v.
593 4941 659 5004 540
678 4963 786 5004 rursus
808 4938 1049 5020 appropinquat
1068 4962 1102 5003 re
1122 4944 1208 5005 omui

135 5064 207 5092 unsar
222 5054 398 5092 Mosrrrausum
