2910 5528
151 336 214 400 130
620 331 806 386 88888881
1162 330 1258 383 n-no

149 496 289 564 nncnm).·
319 510 402 562 quoin
427 493 633 561 ombiouitatnn
665 509 721 547 non
751 493 881 561 inpediri
910 493 1076 562 qsnntitotis
1106 487 1262 559 81888818οί8

148 577 220 629 88181
238 575 312 628 1188.
327 579 385 628 888
404 574 487 627 docet.

238 660 298 708 100.
318 654 460 707 Terrester
479 653 598 706 Botliue
619 668 682 706 neon
704 653 734 704 te
757 656 820 706 onte
840 669 857 706 o
876 650 916 705 mi
935 655 970 720 (o.
986 654 1033 719 99)
1052 650 1187 706 1881818888.
1218 646 1264 702 18·

149 734 246 789 restris
269 751 330 788 cum
352 732 523 801 coepulonus
546 732 737 802 iunocentii,
759 748 819 785 cum
838 730 965 802 Iuppiter
984 738 1052 801 post
1069 730 1189 796 Vellet,
1206 728 1266 783 Iun·

150 817 254 882 binum,
271 815 308 867 81.
337 813 510 867 Hubriclsiue
529 813 573 867 ‘de
590 813 645 867 diis
662 812 708 866 Pl.
727 811 799 865 Ter!
820 811 861 865 ed.
881 810 1005 880 Iteoion.
1023 827 1050 864 8
1066 813 1141 864 1883
1155 824 1185 878 p.
1198 812 1233 862 11.
1244 836 1266 845 -

148 899 177 948 18
192 892 309 962 coepulo
324 891 475 960 compellat
486 891 610 961 Guyetus
623 898 648 946 81
662 897 725 946 teste
734 891 897 946 Setmtdero
910 906 1025 959 888808.
1040 890 1089 944 181.
1099 889 1153 958 Ip.
1163 891 1214 943 744
1221 887 1268 942 818.

149 975 271 1029 11818188.
292 971 410 1041 coepulo
428 974 457 1025 te
472 970 624 1039 compellat
637 972 850 1026 Lindenonnue·
859 971 893 1024 de
902 970 1015 1039 proeod.
1030 969 1076 1023 Pl.
1086 984 1119 1038 p.
1134 966 1269 1022 XLVIII:

145 1059 209 1123 post
227 1069 293 1122 qum
311 1053 383 1121 quod
402 1051 682 1119 IJ'eendiileiusp.12
705 1050 900 1120 Veeineiueque
918 1049 1111 1119 eoepulonus
1127 1047 1270 1115 1888888118

149 1135 330 1202 suspicionem
347 1136 490 1196 vocarunt,
505 1132 590 1199 plone
606 1132 783 1199 neoteneeunt
801 1131 926 1185 Poulun
944 1130 1024 1184 Festi
1037 1147 1069 1199 p.
1084 1132 1179 1193 78,11
1194 1128 1230 1182 M.
1249 1130 1271 1179 te

150 1213 301 1281 coeplonus
321 1209 475 1278 compellet
488 1209 677 1276 Schneidenee,
694 1211 814 1276 fortusse
831 1215 907 1266 recte.
936 1208 1112 1278 coepulonus
1125 1208 1156 1261 te
1167 1206 1272 1277 edpellet

150 1291 187 1345 B.
220 1292 268 1344 ted
296 1288 432 1359 epulonus
460 1288 612 1357 compellet
639 1289 782 1358 Berylts'ue.
826 1289 868 1357 01.
898 1289 1053 1344 Muellerus
1079 1288 1159 1343 Peos.
1181 1289 1273 1357 11411,

150 1372 310 1440 Spenyeliue
327 1370 365 1423 ad
386 1368 444 1423 Ter.
459 1369 513 1423 Ad.
528 1372 594 1434 225,
612 1369 744 1423 Kleteiue
757 1388 787 1439 p.
803 1374 866 1435 140,
883 1369 946 1423 ulii.
961 1400 994 1409 -
1010 1369 1136 1425 Getm
1147 1381 1272 1437 818888·

150 1449 303 1522 pelletiuui
320 1449 399 1503 ‘olibi
417 1447 480 1516 leyi'
502 1446 680 1517 copuletiuui
694 1449 765 1504 Pius
782 1451 885 1506 8881111.

240 1535 300 1583 1011.
320 1532 405 1596 etque
423 1528 451 1580 id
470 1527 527 1580 huo
544 1526 574 1580 et
588 1544 643 1596 pro
661 1530 747 1597 utque
765 1530 840 1585 haud
859 1532 888 1584 te
908 1530 993 1583 ‘uncte
1009 1526 1273 1597 88118188818818

150 1611 179 1663 id
198 1609 322 1677 efficeee’.
351 1607 434 1675 idque
454 1607 529 1660 haud
544 1608 573 1660 te
593 1606 744 1676 Vesinoius.
770 1612 810 1664 At
828 1611 862 1676 81.
879 1609 1029 1679 8811188188
1041 1610 1075 1663 in
1088 1609 1173 1663 Bure.
1189 1606 1272 1661 Ansol.

153 1689 284 1742 XLVII
300 1705 328 1756 p.
343 1692 378 1742 61
401 1691 498 1741 contro
521 1685 728 1757 Sieienunduns
751 1691 896 1759 disputans
918 1694 943 1741 et
965 1688 1132 1743 Redeloliue
1155 1686 1202 1740 ‘M
1218 1684 1272 1755 111.

151 1767 304 1823 neuneu!
325 1770 441 1821 81888
456 1783 486 1836 ρ.
501 1769 565 1820 231.

240 1851 300 1900 104.
320 1845 385 1900 edes
404 1845 474 1900 ieme
492 1863 558 1899 nem
572 1846 703 1917 Rstudes,
723 1849 792 1902 ‘non
809 1847 909 1917 inepte’
930 1848 1022 1901 iudice
1035 1845 1075 1900 Β.
1091 1877 1123 1887 -
1141 1845 1215 1901 edes:
1228 1844 1272 1897 iem

150 1925 289 1982 hesternis
308 1926 384 1979 intus
403 1925 512 1979 fument
525 1925 756 1997 Briteelmeysius
770 1929 787 1981 l.
801 1945 822 1982 8.
836 1943 858 1982 8.
871 1944 898 1997 p.
910 1932 936 1982 9.
947 1956 981 1968 -
993 1926 1107 1981 seruent
1116 1942 1171 1995 pso
1184 1924 1272 1978 innunt

152 2006 337 2075 Ijsenclijliue
351 2024 381 2076 p.
403 2010 437 2060 13
451 2023 488 2074 sq.
510 2038 539 2046 -
562 2007 659 2060 cocula
685 2008 779 2062 Valla.-
798 2009 832 2074 81.
851 2006 970 2062 Brixiue
988 2008 1026 2061 88
1045 2006 1127 2075 0881.
1145 2009 1206 2061 844.

241 2084 679 2155 108.1181188111(818.111).·
706 2090 752 2141 cui
777 2087 885 2143 Setiust
908 2087 1047 2156 praetuli,
1073 2087 1143 2155 quio
1163 2084 1272 2152 foollisu

151 2168 209 2221 Suu
228 2174 415 2222 8818188888
433 2166 517 2220 deleri
532 2168 625 2234 potuit
643 2172 776 2236 1888888
790 2183 925 2236 personae
943 2172 1010 2221 noto
1030 2181 1169 2235 poenes.
1199 2164 1272 2217 lusses

150 2250 277 2319 Buyyius
295 2249 313 2302 l.
333 2266 354 2302 8.
374 2264 395 2301 8.
410 2264 440 2316 p.
461 2252 515 2301 170
533 2248 683 2314 plaudente
706 2247 846 2316 Vesinoio:
869 2253 899 2301 81
916 2248 956 2301 sic
974 2244 1113 2316 postridie
1131 2247 1214 2300 18888
1227 2258 1272 2297 non

151 2329 239 2382 hebet.
276 2329 319 2382 De
337 2326 382 2381 lus
402 2330 446 2380 est
463 2329 548 2382 iocose
566 2327 689 2381 adhibito
707 2330 808 2397 8881181
828 2327 963 2383 (18818188.

242 2411 302 2460 107.
325 2403 439 2474 ‘ecquid
458 2421 512 2473 pro
534 2407 693 2475 pyrrhichio
716 2414 767 2462 881.-
790 2408 895 2476 alioqui
918 2404 1085 2473 ecquidnam
1108 2401 1271 2459 mentun

151 2487 194 2541 et:
211 2487 247 2553 81.
267 2487 417 2541 Muellerus
434 2485 512 2539 Peos.
528 2502 557 2553 p.
573 2489 674 2555 44288.
689 2493 746 2542 600
768 2493 792 2542 81
809 2487 975 2541 Ribbeeline
989 2486 1072 2555 Troo.
1086 2487 1188 2556 188888
1197 2502 1224 2553 p.
1236 2482 1275 2536 Ll.

152 2596 184 2608 -
204 2566 292 2620 slecis
313 2564 487 2619 Camerarius
510 2565 569 2618 8811.
590 2565 717 2619 0188888
736 2568 767 2632 (Ι
780 2585 807 2636 p.
822 2572 871 2632 32,
884 2572 903 2621 8
916 2567 975 2630 Κ).
1007 2566 1053 2619 881
1072 2563 1180 2620 halecis
1196 2562 1277 2618 noluit

156 2646 283 2700 Weisiue.
320 2643 452 2699 helleeist
479 2642 509 2696 'R
535 2644 692 2712 obloquente
719 2646 822 2701 Beixto
847 2644 911 2699 Em.
934 2643 980 2698 Pl.
1004 2645 1045 2698 ed.
1069 2662 1096 2700 8.
1116 2648 1190 2699 1854
1207 2661 1234 2713 p.
1250 2648 1276 2695 10

155 2726 303 2794 (llsenoque
316 2741 345 2793 p.
366 2729 408 2779 79.
424 2755 457 2763 -
477 2723 562 2779 818818
583 2724 684 2794 ecquid
703 2726 767 2779 troi.
789 2724 919 2795 Guyetue.

242 2811 300 2859 108.
320 2807 447 2858 mutuum
462 2804 498 2857 ad
513 2805 627 2873 genium
645 2805 723 2860 Pius.
743 2805 863 2858 multum
878 2803 915 2857 sd
928 2802 1043 2873 genium
1058 2820 1153 2858 meum
1164 2803 1277 2870 11888881

150 2887 257 2953 lineo.
277 2889 320 2938 14.
340 2883 494 2952 -ecquid
518 2883 671 2938 meministi
693 2889 724 2939 tu
743 2885 867 2939 Botltiue.
901 2883 1067 2952 ecquidnam
1093 2880 1278 2938 meministill

151 2967 181 3017 in
200 2966 240 3019 eet.
270 2962 371 3030 ecquid
393 2962 581 3018 meministine
600 2965 671 3020 idem
690 2965 788 3033 Opuec.
805 2965 873 3033 phil.
893 2965 936 3017 ΙΙ
948 2981 978 3032 p.
994 2967 1053 3019 255
1071 2979 1136 3017 eum
1153 2962 1278 3033 Spenoelic

34 3072 37 3077 ·
154 3044 184 3096 T.
199 3044 240 3097 M.
256 3044 287 3097 P.
303 3061 334 3111 p.
349 3048 413 3098 219.
445 3042 545 3111 ecquid
563 3044 594 3098 id
611 3042 766 3098 meministi
785 3043 934 3098 Muellerus
954 3042 1094 3097 ‘Noelstn’
1112 3060 1144 3112 p.
1159 3047 1212 3098 102
1224 3042 1276 3096 odo.

148 3124 284 3189 probante
309 3123 443 3191 Vesinyie,
463 3124 617 3192 obloquente
632 3123 750 3177 Beclero
768 3124 800 3178 in
813 3123 930 3178 8188188.
946 3121 1024 3177 Stud.
1040 3123 1063 3176 I
1075 3138 1108 3191 p.
1123 3126 1186 3177 310.
1214 3120 1278 3192 Quod

153 3203 200 3255 sed
222 3204 252 3255 tu
272 3203 389 3271 reposui,
407 3207 462 3255 tens
480 3203 564 3256 liniue
582 3204 635 3256 loci
650 3205 721 3255 retis
736 3205 902 3258 cmnmendet
915 3219 996 3273 queen
1010 3218 1106 3256 eorum
1119 3201 1278 3271 compunctio,

152 3298 218 3350 quoe
237 3281 385 3350 Seyffestue
404 3283 534 3352 8888888811
552 3283 584 3335 in
600 3282 684 3336 Burs.
704 3285 809 3339 Annol.
831 3282 960 3336 XLVII
969 3299 1000 3351 p.
1020 3286 1066 3336 58.
1087 3313 1123 3323 -
1143 3283 1211 3338 ‘Pro
1228 3284 1277 3336 len

151 3363 272 3416 conuenite
295 3378 352 3417 non
375 3365 485 3430 reposui
506 3363 579 3415 heri’
601 3362 638 3416 11.
659 3393 690 3402 -
715 3361 745 3417 V.
767 3368 817 3416 110
845 3363 883 3416 80
910 3377 1017 3432 gonger
1039 3362 1075 3427 81.
1102 3359 1277 3417 1188181881

154 3442 213 3496 I'cr.
233 3444 287 3497 Ad.
303 3446 365 3496 377.
383 3473 414 3481 -
429 3458 480 3496 888
499 3444 552 3508 cles.
572 3442 695 3496 Koclsius
715 3442 791 3496 Mus.
810 3441 896 3496 Rlsen.
914 3440 1005 3495 XXV
1016 3458 1046 3510 p.
1062 3446 1130 3497 621.
1146 3474 1177 3483 -
1195 3441 1225 3495 V.
1240 3444 1274 3494 111

151 3524 322 3591 appetuntur
342 3523 438 3590 Vallo,
457 3523 534 3576 Pius.

240 3609 299 3656 118.
319 3603 436 3656 aduerte
455 3602 522 3655 huc:
541 3600 598 3655 ium
616 3602 677 3656 heri
695 3603 821 3658 Botlsiue.
850 3602 980 3657 aduerte:
995 3601 1051 3656 hoo
1065 3603 1143 3658 enim
1158 3603 1213 3658 ism
1224 3604 1274 3656 hen

150 3684 261 3737 reduxit
285 3683 443 3753 Vesinoiue!
474 3680 591 3736 aduerte
618 3681 679 3736 hoe.
709 3683 758 3737 SA.
777 3681 837 3735 Em.
865 3681 913 3737 Το.
941 3680 1011 3736 Heri
1033 3680 1074 3738 fl.
1116 3682 1232 3738 0818888
1250 3680 1274 3745 81.

150 3761 845 3832 1188881188*Ζ8818.1.11881ι189.’118.217.-
870 3761 901 3815 V.
922 3767 973 3815 118
996 3762 1030 3816 de
1053 3777 1119 3816 meo
1138 3763 1187 3832 (B)
1202 3758 1273 3815 tanc

150 3844 225 3898 latur
244 3844 379 3912 Berqline
399 3842 511 3896 ‘Beue
527 3858 557 3910 p.
578 3846 639 3898 162.

241 3928 300 3975 110.
315 3920 456 3990 parasitus
472 3922 573 3976 881881
587 3926 735 3991 argentum
750 3921 855 3976 domist
863 3922 984 3993 Pylades
996 3922 1123 3991 itentque,
1140 3923 1187 3978 sed
1196 3934 1271 3990 81811·

150 4005 209 4056 tum
235 4003 301 4069 quoi
319 4001 349 4055 n
368 4003 503 4071 probante
520 4001 633 4059 Klotzio
654 4022 685 4072 p.
705 4006 759 4057 138
778 4003 839 4070 (etsi
856 4002 1012 4068 8811818181
1029 4000 1109 4070 quoii
1128 3998 1271 4071 argentm).

150 4082 311 4149 perseitmt,
332 4083 397 4149 quoi
415 4081 529 4150 quidem
549 4086 695 4151 argentum
713 4083 789 4137 domi
804 4084 848 4137 est
860 4082 986 4136 Boetius.
1010 4081 1166 4150 parasitust
1177 4076 1271 4149 quoiut

150 4165 298 4229 argentum
317 4161 392 4215 domi
411 4163 462 4228 (881
480 4161 546 4230 quoi
565 4166 712 4231 argentum
731 4163 808 4217 domi
829 4161 894 4230 siet)
913 4161 1065 4216 Muellerus
1079 4178 1111 4230 p.
1126 4167 1188 4216 750.
1210 4172 1269 4229 pem·

151 4238 220 4295 situs
244 4245 299 4307 cst,
323 4241 388 4309 quoi
412 4245 559 4310 argentum
582 4241 659 4295 domi
682 4243 751 4311 qnid
775 4244 820 4297 est
842 4243 893 4311 (cel
915 4239 984 4311 quid
1009 4239 1125 4308 domist)
1146 4240 1269 4310 Sauene

152 4317 254 4373 Plsilol.
271 4320 383 4373 XXIX
397 4338 427 4389 p.
443 4325 504 4376 405.
520 4321 595 4374 —si
613 4321 680 4389 quoi
700 4321 827 4378 Gerteiue
845 4322 923 4390 opud
944 4319 1114 4390 Veeinqium.
1128 4313 1268 4374 -Ν1111181

150 4397 303 4467 parasitus,
323 4400 398 4467 quiet
416 4401 690 4470 Argentumdonides
704 4404 829 4472 praefert
846 4402 1048 4457 Fleckeisenue.
