2910 5528
625 742 827 797 PRAEFATIO
1190 748 1304 802 XXXIX

155 922 271 964 sonam
298 924 317 966 a
340 902 542 969 Mostellaria
566 906 670 971 aliena
694 907 749 990 sit,
773 907 941 972 Menandri
965 932 1040 975 vero
1064 934 1082 973 u
1108 909 1221 976 Luscio
1245 911 1304 976 La·

156 1008 279 1074 nuvino
298 1009 438 1075 barbare
457 1011 588 1097 scripta,
611 1034 694 1096 cquae
713 1017 815 1077 restat
833 1013 1032 1079 Philemonis
1052 1017 1163 1081 fabula
1200 1041 1220 1080 x
1240 1040 1303 1083 uno

157 1115 244 1199 quod
267 1116 421 1181 novimus
439 1116 623 1203 fragmento
644 1119 729 1204 apud
750 1120 952 1185 Athenaeum
971 1093 1039 1237 le
1053 1146 1084 1207 p.
1099 1040 1204 1215 48de
1224 1141 1304 1208 συμ-
1330 1111 1406 1203 lg‘u
1419 1150 1440 1191 7,

156 1217 281 1287 ,τόσων
300 1222 470 1308 continuit,
489 1225 584 1310 quale
604 1224 689 1311 apud
705 1225 855 1291 Plautum
875 1249 1001 1312 quoque
1020 1221 1211 1295 instituitur.
1235 1231 1304 1296 lam

157 1327 184 1392 si
214 1327 454 1395 Mostellariam
487 1353 559 1396 cum
591 1330 781 1398 Trinummo
805 1356 1044 1419 comparamus,
1072 1358 1168 1419 quam
1197 1337 1301 1402 Phile·

157 1435 264 1500 menis
289 1458 360 1501 esse
384 1442 522 1522 constat,
544 1439 685 1524 insignis
704 1461 769 1504 non
794 1441 828 1504 in
852 1463 973 1505 unare
997 1442 1175 1508 similitudo
1199 1445 1305 1529 negle

158 1542 265 1626 ganda
292 1565 358 1608 non
386 1548 450 1624 est,
478 1538 624 1628 quamvis
651 1568 716 1610 non
745 1547 885 1612 sufficiat
909 1549 948 1612 ad
977 1552 1141 1613 auctorem
1170 1550 1304 1633 proden-

158 1649 243 1714 dum.
286 1649 433 1735 Denique
460 1674 536 1718 vcro
566 1675 605 1716 cx
633 1675 661 1716 v.
683 1653 768 1717 1150
800 1652 917 1718 Leonis
951 1655 1203 1740 Buechelerique
1236 1661 1304 1721 tam

157 1757 223 1821 leni
242 1778 340 1841 quam
357 1756 445 1823 felici
464 1758 648 1823 coniectura
671 1760 821 1824 restituto
841 1761 1110 1845 recuperavimus,
1134 1762 1219 1846 qued
1238 1762 1304 1826 fere

157 1863 338 1928 testimonii
356 1864 461 1929 instar
480 1864 523 1928 sit
542 1865 581 1929 de
601 1865 787 1931 Philemone
806 1871 951 1932 auctore:
971 1867 1054 1932 unde
1073 1890 1139 1933 non
1158 1869 1305 1935 dubitavi

156 1970 190 2033 in
214 1970 288 2054 ipsa
314 1969 526 2055 inscriptione
548 1971 679 2036 fabulae
702 1973 770 2037 eius
794 1995 912 2037 nomen
936 1995 1069 2058 graecae
1093 1975 1224 2041 fabulae
1248 1999 1302 2042 no·

155 2077 240 2141 mini
264 2098 304 2141 ex
327 2075 424 2142 Festo
448 2078 595 2143 stabilito
619 2079 802 2164 adiungere.

247 2180 310 2248 His
343 2184 499 2268 expositis
531 2189 648 2267 restat,
678 2190 715 2250 ut
748 2186 793 2249 eis
823 2207 904 2269 quae
936 2209 1033 2270 supra
1066 2188 1104 2252 de
1133 2191 1163 2253 A
1196 2190 1305 2254 codiee

157 2289 301 2355 diximus
326 2290 483 2375 quaedam
507 2290 663 2356 addamus
685 2292 724 2355 de
748 2291 879 2374 reliquis
903 2293 1055 2358 subsidiis
1080 2296 1209 2361 criticis.

249 2397 298 2461 Ac
321 2396 355 2462 B
383 2397 512 2482 quidem
541 2398 707 2464 codicem
736 2402 905 2463 veterem
935 2399 974 2463 ad
1002 2400 1172 2466 Ritsehelii
1200 2425 1305 2467 exem·

155 2505 232 2589 plar
249 2505 368 2575 iterum
388 2505 526 2570 contulit
541 2505 728 2570 Hinckius
748 2507 889 2590 itemque
908 2507 949 2572 ad
963 2505 1117 2573 Gronovii
1136 2510 1304 2594 vulgatam

156 2613 345 2677 Loewius.
381 2611 443 2688 Qui
467 2634 539 2677 cum
563 2612 722 2677 interdum
748 2614 889 2677 interae
915 2617 947 2677 et
970 2637 988 2678 a
1011 2616 1143 2699 reliquis
1167 2617 1305 2681 testibus

158 2719 383 2803 dissentirent,
408 2719 631 2805 gratissimum
656 2719 785 2803 accidit,
809 2720 894 2804 quod
922 2742 960 2784 ex
989 2721 1090 2805 copiis
1120 2724 1185 2786 suis
1215 2721 1306 2806 Seyf-

157 2826 262 2892 fertus
292 2826 383 2890 litem
412 2826 600 2910 plerumque
624 2825 772 2890 dirimere
796 2847 983 2910 erroresque
1011 2830 1123 2895 tollere
1147 2832 1213 2891 tarn
1238 2830 1307 2893 dili-

157 2934 251 3017 genti
285 2955 381 3017 quam
408 2933 551 3017 benigna
579 2954 677 3016 opera
710 2934 795 2995 inter
828 2932 1052 3018 corrigendum
1081 2939 1113 2997 et
1140 2935 1246 2998 voluit
1274 2941 1306 2999 et

157 3040 280 3124 potuit.
321 3038 395 3103 Vna
418 3045 527 3105 tamen
551 3062 601 3103 res
626 3040 722 3103 latius
751 3043 854 3122 patet,
878 3042 1024 3123 quamvis
1052 3041 1211 3124 gravioris
1241 3064 1306 3107 rno-

158 3148 264 3211 menti
283 3169 347 3211 non
363 3169 432 3211 esse
448 3147 602 3210 videatur.
624 3145 754 3210 Etenim
769 3145 917 3210 Loewius
939 3147 1160 3231 Hinckiusque
1179 3154 1307 3233 praeter

152 3276 288 3318 manum
312 3254 472 3318 noviciam
503 3252 679 3318 Camerarii
707 3256 739 3316 et
763 3253 914 3335 alterius,
939 3258 975 3316 ut
998 3255 1136 3332 videtur,
1164 3256 1305 3320 hominis

159 3361 251 3425 docti
276 3382 358 3425 saec.
375 3359 436 3425 XV
461 3382 480 3423 a
504 3360 562 3424 Ba
585 3381 682 3423 unam
707 3364 834 3423 tanturn
859 3381 990 3424 manum
1015 3362 1230 3445 antiquiorem
1253 3363 1306 3426 Bo

157 3467 370 3553 distinguunt
399 3467 485 3554 (cum
520 3474 627 3532 tamen
662 3466 822 3532 Hinckius
856 3466 1028 3531 admodum
1059 3469 1163 3532 multa
1195 3471 1305 3534 eadem

160 3598 261 3639 manu
289 3574 308 3637 i.
329 3594 354 3637 e.
382 3574 423 3639 ab
456 3575 526 3658 ipsa
553 3573 613 3639 Ba
646 3577 790 3637 correcta
823 3594 892 3636 esse
924 3573 1070 3658 adnotet,
1099 3597 1179 3659 quae
1213 3576 1306 3639 alteri

159 3682 273 3747 manui
287 3681 344 3745 Bb
360 3704 424 3745 non
444 3681 539 3745 modo
555 3679 751 3744 Ritschelius
771 3680 944 3763 tribuebat,
963 3680 1016 3743 sed
1037 3683 1133 3745 etiam
1149 3681 1307 3766 Loewins,

160 3789 414 3872 Studemundus,
432 3787 582 3872 Manius).
618 3787 679 3853 Sed
702 3790 816 3851 neuter
834 3787 965 3850 tertiam
986 3811 1115 3852 manum
1135 3787 1187 3851 Bc
1211 3810 1306 3871 agno·

158 3898 232 3980 scit,
257 3895 320 3959 nisi
340 3894 425 3979 quod
444 3894 602 3959 Hinckins
626 3917 654 3959 v.
673 3895 713 3957 12
738 3893 771 3955 in
793 3893 883 3974 salini
906 3899 939 3956 et
962 3917 991 3959 v.
1007 3896 1047 3958 14
1070 3894 1103 3956 in
1123 3894 1218 3974 possit
1241 3917 1307 3958 eor·

158 4009 250 4070 recto
276 4003 316 4066 ab
345 4001 439 4065 initio
463 4001 518 4065 Bc
546 4023 605 4085 pro
630 4001 685 4065 Bb
712 4001 880 4065 intulerat:
910 4001 964 4064 sed
994 4022 1067 4063 mox
1098 4000 1166 4081 ipse
1195 4005 1227 4062 et
1256 4001 1306 4063 his

158 4113 241 4176 locis
272 4113 304 4173 et
332 4110 365 4173 in
398 4107 541 4171 eiusdem
574 4130 685 4172 versus
712 4109 753 4171 12
782 4112 964 4172 correctura
992 4105 1178 4189 marginali,
1210 4128 1307 4188 quam

158 4215 364 4282 Ritschelius
390 4213 443 4278 Bc
466 4214 680 4298 adscripserat
706 4210 862 4300 (itemque
887 4212 958 4276 aliis
984 4212 1076 4291 locis,
1101 4210 1155 4272 ubi
1179 4210 1231 4271 ille
1254 4209 1310 4274 Bc

158 4329 276 4390 notam
300 4320 523 4405 adhibuerat),
547 4321 687 4384 restituit
709 4319 774 4384 Bb.
816 4317 939 4383 Contra
964 4317 1137 4401 Seyffertus
1168 4320 1307 4379 testatur

156 4440 192 4497 et
226 4431 278 4494 his
312 4427 393 4493 locis
427 4431 460 4491 et
490 4428 602 4491 multis
636 4427 708 4491 aliis
737 4424 991 4490 Studenrundum
1020 4422 1226 4506 Mauiunrqne
1255 4422 1309 4487 Bc

158 4558 348 4623 agnoscere.
382 4535 469 4611 Quos
489 4557 561 4599 cum
582 4535 622 4597 ab
642 4533 735 4597 initio‘
755 4532 845 4616 sequi
865 4530 1114 4612 constituissem,
1138 4551 1212 4593 mox
1232 4553 1308 4612 pau-

157 4646 301 4712 cissimis
324 4643 406 4708 locis
432 4642 573 4724 exeeptis
594 4640 736 4723 acquievi
758 4640 792 4702 in
811 4639 879 4719 Bb,
903 4637 1091 4720 praesertim
1112 4657 1183 4699 curn
1209 4636 1306 4699 etiam

157 4755 194 4818 in
221 4752 294 4816 aliis
318 4749 441 4815 fabulis
465 4771 538 4814 cum
557 4747 683 4812 eosdem
708 4749 808 4809 testes
832 4749 901 4807 tum
922 4745 1053 4807 eamlern
1078 4742 1236 4806 rationem
1262 4763 1308 4804 se-

157 4861 229 4925 cuti
258 4859 359 4922 simus
389 4855 443 4941 (cf.
468 4857 566 4919 etiam
596 4854 692 4936 prael.
718 4851 801 4914 Μ11.2
824 4875 855 4935 p.
873 4850 944 4935 IX).
987 4848 1079 4914 Certe
1107 4871 1174 4913 rem
1204 4849 1308 4934 ipsam
