2910 5528
150 339 265 395 XXVIII
611 341 820 397 PRAEFATIO

149 505 381 569 commodatae.
415 504 503 569 Duas
523 507 729 570 membranas
754 503 799 591 (p.
814 507 879 571 453
894 529 941 590 sq.
963 506 1029 571 459
1045 528 1109 590 aqz
1132 528 1214 590 quas
1233 506 1298 585 Εἴ

149 616 182 675 et
200 611 272 693 (ἦρ
290 612 476 696 signaverat
496 612 706 676 ltitschelius:
730 613 904 677 andelao
922 611 986 677 fnit
999 633 1081 696 quae
1099 613 1197 676 nobis
1210 612 1248 676 F.
1260 609 1292 695 t)

150 717 332 802 Geppertus
357 718 484 783 demum
509 719 639 803 adiecit,
662 720 724 783 etsi
746 741 811 785 non
835 741 967 804 prorsus
990 740 1067 783 vere
1092 741 1204 784 eorum
1229 742 1292 783 am·

149 825 255 889 bitum
271 827 532 910 circumscripsit.
556 825 660 891 Multo
679 827 772 910 plura
788 824 1026 891 Studemnndus
1041 826 1186 891 correxit
1199 830 1291 910 atque

152 932 275 995 addidit
304 954 377 997 cum
407 934 441 996 in
472 934 745 1021 commentatione
777 933 815 997 de
843 934 917 997 crisi
941 929 1133 1019 Plautina*)
1163 938 1232 999 tum
1262 934 1291 998 in

151 1037 352 1124 apographo.
394 1038 542 1124 Denique
565 1040 633 1123 ipse
663 1040 853 1123 postillam
877 1063 904 1104 a.
928 1035 1153 1105 MDCGCXOI
1176 1038 1293 1106 Medio·

152 1146 220 1208 lani
243 1145 302 1209 has
323 1145 528 1210 membranas
548 1147 682 1229 excussi,
706 1169 770 1230 qna
789 1146 962 1211 collatione
981 1166 1064 1231 qnae
1083 1146 1176 1211 effeci
1194 1170 1293 1233 neque

152 1253 253 1316 multa
280 1273 384 1336 neque
408 1252 581 1317 admodum
606 1254 718 1337 gravia
740 1255 788 1318 ita
809 1254 844 1318 in
868 1256 1058 1336 apparatum
1088 1252 1237 1338 adhibui,
1260 1260 1294 1319 ut

151 1382 170 1422 a
195 1358 391 1424 testimoniis
412 1357 695 1425 Studemnndianis
715 1359 889 1446 diligenter
908 1360 1152 1444 distinguerem:
1178 1382 1242 1426 non
1262 1368 1295 1425 nt

151 1487 256 1529 meam
290 1487 420 1549 operam
455 1467 720 1550 qualemcumque
753 1467 914 1551 efferrem,
942 1466 999 1532 sed
1030 1472 1066 1532 ut
1096 1466 1173 1533 fider·
1205 1469 1293 1534 satis·

151 1571 292 1637 facerem
316 1577 383 1636 tam
407 1572 494 1637 illius
520 1596 617 1657 quam
640 1574 797 1638 lectorum
822 1575 1069 1658 criticorumque
1095 1573 1210 1659 gratia

240 1680 288 1743 De
317 1679 533 1762 deperditis
567 1680 802 1745 membranis
830 1680 911 1746 haec
940 1679 1137 1747 Ritscheliua
1171 1681 1297 1747 docuit:

151 1785 216 1849 ‘Dc
239 1786 309 1851 Ec
334 1787 380 1865 [et
401 1786 440 1850 F.
454 1788 489 1866 f]
522 1808 584 1869 quo
613 1787 719 1850 minus
749 1787 961 1852 dubilationis
989 1787 1138 1853 relictum
1167 1794 1232 1870 est,
1260 1809 1296 1853 eo

151 1893 225 1976 plns
259 1892 447 1956 offensionis
479 1892 784 1958 intervallorum
817 1895 1058 1979 computatio
1097 1893 1234 1977 praebet
1264 1892 1296 1955 in

152 1999 235 2063 aliis.
269 1997 385 2062 Levius
409 2003 467 2081 est,
491 1999 576 2082 quod
601 2022 658 2082 pro
683 2000 729 2064 eis
753 1999 926 2064 XXXVIII
950 2001 1096 2083 senariis,
1120 2023 1202 2085 quos
1226 2000 1297 2065 Ru

151 2106 256 2170 tenuit
264 2156 272 2186 ,
298 2105 332 2168 in
355 2104 513 2169 Palatinis
542 2110 670 2169 tantum
693 2105 816 2170 XXXV
839 2106 1001 2191 leguntur.
1041 2103 1128 2171 Nam
1154 2105 1236 2170 duas
1265 2106 1296 2169 in

151 2213 210 2276 illa
229 2216 321 2296 parte
341 2213 472 2276 lacunas
487 2233 567 2295 esse,
587 2213 723 2277 alteram
743 2217 818 2296 post
833 2213 946 2295 aura,
965 2213 1102 2276 alteram
1122 2234 1152 2276 v.
1167 2212 1296 2296 lilalsq7

151 2320 271 2402 partim
291 2319 452 2383 sententia
471 2319 581 2402 arguit
599 2319 719 2403 partim
739 2319 954 2402 grammatIca
971 2319 1057 2383 ratio
1077 2317 1177 2382 simul
1201 2321 1296 2401 atque

151 2447 187 2489 ea
213 2426 444 2490 demonstratio
469 2447 565 2510 quam
590 2448 606 2489 e
627 2425 849 2489 Palatinarum
874 2423 1062 2489 condiclone
1086 2446 1188 2508 supra
1206 2425 1294 2489 duri·

151 2556 231 2597 mus.
264 2533 331 2596 Aut
354 2532 454 2617 igitur
476 2533 591 2596 harum
615 2533 802 2596 lacunarum
826 2532 859 2595 in
882 2532 915 2596 A
938 2532 1165 2615 supplementa
1193 2536 1296 2594 exsta·

152 2641 231 2704 bant
259 2639 363 2702 tribus
396 2639 541 2703 versibus
574 2638 819 2721 comprehensa,
854 2642 911 2702 ant
939 2637 1085 2703 versibus
1120 2636 1197 2702 631.
1226 2637 1297 2719 632,

152 2768 231 2831 quos
255 2767 314 2810 nos
339 2744 467 2809 demum
491 2746 553 2808 buc
577 2745 816 2830 transtulimus,
839 2744 950 2810 eodem
974 2745 1045 2809 loco
1069 2744 1211 2808 fortasse
1235 2744 1296 2807 iam

149 2855 182 2917 in
202 2854 233 2917 A
257 2853 425 2918 collocatis
449 2851 590 2937 (iteratis
610 2852 711 2935 Igitur
730 2873 788 2934 per
806 2874 947 2916 errorem
971 2852 1005 2915 in
1028 2871 1101 2935 pag.
1120 2848 1178 2934 71)
1204 2850 1294 2915 alter·

151 2965 257 3024 utram
282 2960 398 3024 saltem
422 2959 570 3023 lacunam
590 2980 701 3023 versus
726 2958 902 3042 singularis
922 2957 1082 3040 explebat.
1097 2993 1141 3002 -
1162 2955 1294 3040 Aliquid

151 3067 250 3131 etiam
278 3067 310 3130 in
340 3065 407 3132 C.c
435 3065 644 3131 desideratur.
691 3063 816 3148 Quippe
844 3085 861 3127 e
890 3060 1031 3127 XXXIV
1061 3061 1146 3149 (sine
1171 3085 1201 3126 v.
1222 3060 1296 3145 741)

151 3175 298 3237 versibus
328 3178 481 3256 quattuor
511 3173 648 3255 dispesci
677 3193 734 3255 per
762 3171 910 3236 binorum
940 3170 1096 3253 spatium,
1126 3170 1188 3233 etsi
1220 3168 1297 3233 nihil

151 3280 277 3343 insoliti
304 3280 404 3343 habet
432 3282 465 3366 in
489 3279 700 3360 tetrametris,
724 3282 834 3342 tamen
858 3277 993 3341 nimium
1017 3296 1088 3339 esse
1112 3275 1241 3340 videtur
1262 3275 1293 3338 in

152 3408 190 3450 ea
214 3406 330 3450 scaena
349 3385 381 3448 in
402 3410 464 3470 qua
478 3392 604 3470 praeter
624 3393 696 3450 octo
712 3388 919 3449 tetrametros
939 3383 1026 3448 solos
1044 3382 1165 3467 reliqui
1184 3381 1293 3446 breves

152 3498 228 3556 sunt
247 3515 367 3557 omnes
399 3491 468 3567 Quo
493 3492 566 3575 plns
585 3491 660 3555 fidei
680 3491 815 3555 lacunae
834 3490 918 3554 notis
938 3488 1059 3553 nostris
1079 3488 1206 3553 accedil
1224 3493 1293 3571 post

150 3662 178 3713 in
199 3659 332 3729 pam'nam
351 3667 416 3726 aot,
440 3674 473 3711 ex
494 3662 572 3727 parte
592 3658 677 3712 etiam
702 3656 731 3710 in
750 3676 777 3726 p.
793 3663 835 3712 77.
856 3662 902 3723 78,
922 3655 989 3710 item
1009 3655 1038 3708 in
1056 3652 1198 3722 principia
1220 3652 1294 3723 pagi·

150 3757 248 3794 narum
270 3746 328 3794 199.
349 3744 410 3794 200.
439 3738 583 3808 Perpauca
600 3737 710 3805 utrique
729 3739 854 3791 nostrum
874 3739 1064 3805 apparuerunt
1082 3733 1112 3786 in
1132 3751 1161 3803 p.
1176 3739 1219 3788 71.
1238 3738 1294 3787 296.

149 3827 215 3887 301,
240 3837 330 3890 pauca
352 3819 382 3873 in
405 3839 431 3888 p.
447 3824 512 3882 447,
537 3836 592 3872 non
611 3819 680 3871 adeo
700 3818 790 3870 multa
807 3817 836 3870 in
855 3834 883 3886 p.
899 3821 958 3870 199.
979 3821 1021 3869 72.
1040 3820 1083 3869 78.
1102 3818 1171 3868 ³02:
1197 3812 1293 3869 cetaria

151 3900 281 3954 omnibns
310 3899 474 3969 integriores
503 3901 631 3968 repertae
655 3900 721 3950 sunt
743 3917 769 3967 p.
785 3902 845 3950 202.
865 3896 939 3951 295'.
977 3893 1107 3949 Ceterum
1133 3895 1175 3949 Aa
1202 3897 1292 3949 notram

149 3999 234 4048 penes
255 3998 304 4034 nos
325 3985 478 4050 praeeunte
503 3980 564 4050 ipso
586 3976 740 4032 RItacholio
761 3977 789 4030 in
807 3978 898 4031 altera
920 3974 1044 4029 editione
1064 3971 1225 4028 Trinummi
1243 3974 1293 4028 iam

151 4061 335 4114 Studemnndi
363 4060 457 4129 potins
485 4059 635 4114 lectionem
669 4057 840 4127 significare,
869 4056 915 4111 iix
944 4060 988 4110 est
1016 4055 1090 4124 quod
1119 4051 1223 4108 dicam.
1259 4051 1295 4105 le

152 4141 377 4194 Schwaranranni
396 4156 474 4207 vcro,
495 4139 656 4208 Ilitschclii,
676 4137 811 4208 Gepperti
830 4135 1000 4191 testimoniis
1018 4151 1162 4205 perpauca
1188 4136 1294 4190 tantum

152 4221 235 4274 certis
255 4222 289 4274 dc
309 4221 400 4273 causis
420 4220 709 4288 commemoravimus,
728 4220 861 4289 ploraque
881 4216 1042 4271 omisimus.

241 4304 266 4367 ³¹²)
296 4300 456 4367 ‘Featgrnls
476 4301 525 4353 dcr
544 4301 641 4369 philol.
662 4298 724 4354 Ges.
744 4316 776 4351 au
796 4297 954 4362 Wiirzburg
977 4314 1013 4349 an
1033 4296 1079 4349 die
1098 4294 1201 4351 XXVI.
1220 4296 1295 4351 Vera.

152 4380 177 4431 d.
197 4379 298 4431 Philol.
320 4399 344 4432 n.
366 4378 499 4433 Schulm.’
521 4381 562 4434 ud.
590 4378 713 4432 Wirceb.
733 4396 757 4432 a.
778 4375 1025 4431 IIIDCCCLXVIII:
1049 4391 1134 4443 qnam
1159 4391 1296 4431 commen·

151 4459 286 4515 tationem
305 4457 428 4512 breviter
446 4464 574 4513 notrumus
595 4459 737 4527 ‘Festgr.’.
