2910 5528
135 39 1117 296 u

151 704 294 754 rsa-sss
628 698 810 754 rrrnnnrx
1229 704 1291 767 149

150 858 235 914 Burs.
254 859 331 913 Aron.
350 859 473 912 LXIII
485 875 515 928 p.
534 863 586 926 29,
608 861 658 914 ubi
681 865 766 914 tolum
787 861 874 915 locum
887 870 1036 930 praeeunte
1054 882 1087 918 cc
1104 869 1184 932 parte
1202 865 1289 920 Lade-

150 940 230 1009 scipio
247 938 348 994 Pltilol.
367 938 469 991 XVII
479 956 508 1006 p.
524 942 578 994 475
596 939 662 994 adu.
681 940 807 1008 explicat.
820 972 850 979 -
867 958 902 994 an
922 943 976 995 iam
996 944 1057 1010 (dcl.
1079 943 1143 1010 eho)
1161 945 1290 1014 Gupetus.

152 1018 204 1071 eho
230 1014 287 1071 iam
316 1018 378 1086 (olel.
403 1018 449 1084 on)
473 1017 604 1085 Botlrius,
631 1017 673 1071 Il.-
701 1023 730 1072 al
757 1021 792 1086 cs.
817 1021 977 1091 Spenprlins
1001 1022 1031 1075 Τ.
1058 1024 1099 1077 bI.
1127 1024 1158 1078 P.
1179 1040 1209 1092 p.
1230 1028 1293 1090 192,

150 1098 284 1153 Hirtlrins
298 1099 331 1152 de
344 1099 434 1152 interi.
447 1115 478 1166 p.
488 1103 533 1165 17,
546 1097 692 1152 Ricbtcrus
706 1100 737 1152 iu
747 1099 866 1154 Student.
878 1102 957 1155 Stud.
970 1102 990 1153 1
994 1118 1024 1169 p.
1035 1107 1097 1156 459.
1108 1106 1161 1156 454
1171 1104 1246 1168 adm,
1255 1104 1290 1159 at.

150 1208 182 1218 -
198 1179 284 1233 mdnir
302 1176 395 1231 emisti
409 1175 606 1232 Locbmanuns
624 1179 655 1231 in
669 1177 753 1232 Lucr.
769 1197 800 1249 p.
815 1185 880 1235 200.
900 1183 1007 1248 m(a)nn
1022 1180 1140 1235 omisisti
1155 1180 1292 1237 Olarisiius

148 1258 227 1313 Mus.
245 1257 334 1313 Biton.
351 1256 477 1310 XXIII
490 1273 520 1326 p.
536 1261 605 1312 579:
628 1258 677 1311 ubi
700 1262 749 1311 aut
769 1257 827 1312 Eho
852 1260 887 1312 dn
910 1265 960 1314 ant
981 1262 1064 1314 mdnn
1084 1259 1125 1314 ὄ-
1143 1262 1291 1330 corripien-

147 1337 215 1392 dum
233 1343 300 1392 erat.

238 1421 300 1472 484.
320 1431 349 1470 cs
368 1417 418 1470 del.
438 1416 555 1471 Botbius
574 1419 619 1483 (cs.
640 1419 677 1486 A)
683 1458 691 1484 ,
714 1416 828 1472 Olscnus
841 1436 871 1488 p.
891 1423 934 1473 47.

239 1500 355 1565 wbsqq.
380 1512 425 1549 mc
444 1501 509 1564 post
532 1495 662 1549 Bothium
687 1497 801 1551 ‘delebat
825 1498 945 1552 Brixiae
965 1517 992 1568 p.
1012 1505 1050 1554 24
1065 1501 1214 1568 pessirrrum
1235 1506 1288 1556 tro

147 1577 276 1632 chamum
293 1577 420 1641 efficiens.
440 1574 559 1629 Exitum
577 1577 609 1629 in
623 1576 650 1630 A
670 1581 735 1641 ium,
754 1593 813 1631 cum
828 1595 888 1631 cum
903 1579 1003 1633 librum
1016 1581 1143 1647 tractavi,
1162 1593 1289 1634 nnrnnn-

149 1667 338 1711 nsnonsnctto
358 1657 551 1723 interpretatus
568 1670 636 1709 sum.
664 1655 811 1723 Deperditi
823 1673 915 1712 veresas
929 1659 1030 1712 emitum
1044 1664 1075 1712 ul
1090 1658 1204 1714 obsecro
1219 1661 1291 1714 illud

146 1738 273 1804 babeam,
287 1737 418 1805 prosimu
434 1734 555 1788 Dordali
573 1735 655 1788 rerba
673 1751 713 1788 me
731 1741 849 1791 mouent:
867 1754 932 1791 nam
951 1739 1028 1792 nullo
1046 1739 1111 1793 dum
1132 1740 1209 1793 serbo
1227 1740 1290 1794 libe-

146 1833 210 1871 ram
228 1832 284 1871 esse
300 1815 474 1884 sipnificooit.
500 1814 612 1868 credero
631 1811 700 1866 mihi
719 1816 745 1867 si
762 1816 895 1869 sententia
913 1815 1006 1883 ferret,
1023 1818 1131 1870 numeri
1148 1834 1204 1870 nou
1223 1820 1291 1872 male

144 1898 188 1952 sio
201 1897 392 1966 proccderent:
412 1891 550 1962 siqnidem
569 1893 680 1948 erodere
700 1893 769 1947 mihi
787 1897 843 1949 nbn
863 1895 915 1948 uis’
933 1894 975 1950 nt.-
993 1898 1033 1950 sio
1048 1897 1176 1952 Klottius
1186 1915 1215 1966 p.
1230 1901 1288 1952 259

146 1983 173 2033 et
191 1977 355 2047 Speupclius
375 1974 460 2040 ‘Refi’
478 1991 506 2042 p.
529 1978 582 2028 188
601 1974 657 2041 (sed
676 1973 698 2026 si
718 1972 865 2042 equidem).
905 1973 1006 2029 Contra
1025 1973 1076 2029 Pol
1095 1976 1105 2028 i
1124 1976 1160 2028 ad
1178 1979 1210 2030 iu
1224 1994 1290 2046 pro·

144 2059 252 2113 nimum
267 2071 372 2111 uersum
386 2069 440 2123 pro
458 2053 520 2106 Isd
539 2053 580 2107 uel
599 2053 609 2105 Ι
624 2052 661 2106 sd
680 2053 830 2121 chpertus
848 2055 971 2108 tradebat
989 2054 1068 2109 Siud.
1084 2055 1127 2109 Pl.
1143 2056 1185 2109 11
1198 2074 1227 2126 p.
1244 2061 1290 2122 82,

146 2139 179 2192 iu
193 2137 250 2204 fine
264 2133 402 2203 siquidem
418 2133 530 2188 credero
545 2132 613 2185 mihi
628 2132 706 2185 nenia
721 2138 772 2185 out
785 2133 853 2185 nrihi
868 2135 890 2187 si
906 2151 959 2188 non
976 2134 1018 2187 uie
1029 2134 1140 2190 credero
1149 2141 1289 2205 temptans.

147 2214 191 2282 Os.
212 2213 390 2282 Ladncipins
409 2212 426 2265 l.
445 2227 465 2266 s.
485 2227 506 2265 s.
525 2216 550 2265 ct
569 2211 703 2266 Imcluius
721 2212 752 2265 iu
770 2212 888 2266 Studem.
908 2213 986 2268 Stoa.
1007 2213 1028 2265 1
1042 2230 1072 2281 p.
1087 2219 1133 2269 21.
1169 2214 1289 2270 Ceterum

147 2311 164 2349 a
183 2299 314 2365 praetore
334 2309 395 2348 cum
413 2291 440 2344 A
459 2290 501 2356 n,
520 2292 584 2344 alii:
603 2297 632 2346 ot
650 2293 684 2358 cs.
705 2291 825 2346 Baierus
840 2309 869 2359 p.
891 2296 950 2347 148.

238 2379 290 2428 489
300 2388 354 2442 sqq.
376 2371 459 2426 ‘Inde
482 2372 517 2425 ab
541 2372 669 2425 hocloco
692 2372 723 2424 iu
745 2387 870 2426 versuum
894 2373 1071 2439 discriptione
1095 2374 1172 2426 vatic
1190 2375 1289 2429 discre-

142 2470 216 2525 pare
233 2453 387 2522 incipiunt,
409 2452 507 2520 quibus
530 2452 620 2505 adirem
636 2467 750 2518 prorsus
773 2453 910 2517 conuenit,
928 2451 955 2505 A
974 2457 998 2504 ct
1016 2451 1051 2505 B.
1088 2451 1136 2505 Eu
1155 2455 1179 2504 A
1200 2459 1290 2507 autem

144 2535 265 2603 praedem
283 2547 339 2586 mou
358 2531 491 2594 dubitari,
510 2547 566 2584 mou
584 2533 686 2584 ocritus
700 2530 797 2598 paullo
811 2531 1013 2584 inusitatiorem
1026 2533 1182 2586 uarietatem
1195 2539 1289 2587 metro·

144 2631 216 2669 surm.
258 2611 380 2665 Ceterum
401 2610 435 2664 de
457 2627 481 2663 o.
502 2610 584 2676 (491.)
603 2612 664 2663 492.
684 2614 746 2664 493.
767 2613 822 2663 496
844 2610 970 2664 dubitari
987 2627 1063 2678 posse
1080 2613 1139 2665 suis
1157 2613 1223 2666 loeis
1240 2614 1289 2667 ad·

145 2692 251 2748 notaui.
296 2690 379 2743 Nunc
407 2690 487 2743 bobes
510 2689 658 2744 trocltaicos
682 2692 834 2743 octonarios
858 2694 899 2756 (ut
924 2694 1065 2744 472474.
1090 2695 1155 2757 478)
1179 2710 1203 2746 n.
1227 2696 1288 2746 487.

147 2778 215 2828 488.
235 2774 297 2825 491.
318 2773 379 2823 too.
399 2773 462 2835 499,
479 2770 646 2837 septenarios
664 2772 726 2822 489.
747 2772 801 2823 495
806 2789 816 2833 ,·
844 2771 990 2823 iambicum
1015 2773 1197 2838 septenarium
1220 2776 1289 2836 498,Ι

150 2851 343 2920 anapaesticos
362 2849 516 2903 octonarios
534 2853 595 2903 493.
611 2852 674 2915 494,
692 2849 875 2916 septenarium
895 2850 959 2913 492,
978 2848 1122 2902 dimetrum
1141 2853 1194 2902 499
1199 2872 1209 2916 ,·
1229 2851 1287 2905 bac·

147 2934 257 2988 clriaeos
275 2931 440 2984 hexametros
454 2933 516 2983 497.
533 2928 598 2982 500’
615 2927 651 2979 tt.
678 2927 839 2982 Troclroicos
857 2927 1020 2995 improbauit
1036 2927 1238 2982 Studeruuudus
1256 2932 1289 2984 cle
1331 2984 1336 2988 .

146 3018 220 3069 cam.
231 3029 262 3081 p.
278 3016 324 3078 75,
341 3026 418 3078 anem
436 3009 520 3062 sconti
536 3009 696 3072 Muellerus,
711 3007 878 3075 Spenpelius,
893 3007 1022 3060 Klotzius
1037 3008 1118 3061 etiam
1133 3009 1289 3064 bacclriucos

147 3094 328 3154 removerunt,
346 3090 431 3157 quode
448 3089 609 3157 simpillsrtim
629 3087 829 3152 adnotavimus,
848 3087 904 3140 nisi
917 3087 990 3155 quod
1003 3087 1107 3152 Bothii,
1122 3087 1222 3141 Bricii
1237 3090 1287 3158 Qu.

144 3190 190 3242 pr.
207 3189 238 3240 p.
259 3174 295 3225 24
320 3170 378 3235 (ubi
402 3168 479 3221 ‘mira
498 3172 645 3238 orputatur
664 3183 722 3218 cum
742 3166 774 3218 ole
792 3166 834 3218 bis
854 3171 910 3219 tum
929 3166 961 3219 tle
976 3167 1113 3234 proximis
1132 3168 1290 3235 omuibus),

148 3252 281 3321 chpnti
299 3249 378 3302 Stud.
401 3248 445 3302 Pl.
465 3248 503 3300 II
518 3264 547 3315 p.
562 3252 608 3314 87,
630 3245 791 3312 Ijseudijlsii
806 3262 833 3313 p.
850 3249 886 3298 35
905 3247 1051 3300 conamina
1070 3248 1191 3301 consulto
1205 3264 1288 3315 prac-

147 3331 321 3384 termisimus.
360 3327 481 3382 Ceterum
498 3345 522 3382 o.
542 3331 594 3379 489
618 3326 659 3379 tui
681 3341 732 3378 neo
750 3327 860 3378 tuorum
879 3341 929 3392 pro
947 3325 1000 3379 tibi
1019 3344 1045 3379 n.
1065 3327 1083 3379 t.
1105 3326 1234 3396 Scolipcr.
1255 3358 1288 3366 —

152 3410 251 3464 Vrrsui
264 3414 313 3463 491
335 3408 433 3462 rectius
451 3409 566 3472 sor-tasso
585 3406 772 3473 anapaesticos
790 3421 871 3473 quom
890 3405 1038 3459 trochaicae
1052 3421 1177 3473 numeros
1192 3408 1287 3474 tribui,

147 3508 207 3544 curu
229 3491 258 3544 'Il
277 3489 409 3542 monuerit
426 3488 513 3556 praef.
531 3503 560 3554 p.
577 3486 628 3537 IX
642 3486 721 3553 adu,
739 3487 886 3551 firmarunt
904 3486 975 3540 lianc
993 3488 1152 3539 sententiam
1172 3488 1288 3556 Spcmpc·

146 3572 203 3625 lius
225 3568 255 3623 Τ.
272 3569 315 3623 M.
334 3568 365 3621 P.
381 3584 411 3636 p.
427 3571 480 3620 131
501 3568 546 3633 (cs.
562 3570 631 3631 128)
651 3571 675 3619 et
695 3565 780 3631 ‘Rufi'
798 3582 828 3631 p.
846 3569 910 3629 183,
934 3565 1084 3619 Muellerus
1102 3566 1179 3619 Pros.
1196 3585 1225 3634 p.
1242 3574 1287 3635 99,

145 3651 207 3704 alii.
241 3647 342 3702 Contra
365 3647 397 3699 de
415 3662 439 3699 o.
459 3650 519 3699 492.
539 3650 590 3698 493
610 3645 787 3699 adnotaverat
810 3642 851 3697 Il.-
872 3644 1032 3699 ‘troebaieos
1051 3661 1175 3699 nurrreros
1194 3647 1289 3700 licebat

145 3730 187 3783 sic
205 3728 292 3783 lueri:

219 3792 264 3860 tta
282 3821 327 3858 me
346 3803 375 3856 di
394 3806 496 3869 ament,
515 3805 547 3855 at
566 3802 601 3856 ob
620 3803 726 3855 intonso
744 3802 802 3853 τέω
823 3802 874 3855 tibi
890 3803 980 3855 mults.
993 3802 1068 3857 bona
1082 3805 1190 3856 instant
1205 3822 1221 3856 a
1235 3822 1287 3856 mc.

219 3887 294 3940 Nam
319 3885 363 3937 bob
386 3900 437 3937 res.
452 3882 587 3951 quaedam
612 3897 695 3948 quum
720 3881 895 3934 decutiebam
919 3880 1012 3933 dIcero
1038 3880 1103 3934 tibi:
1132 3897 1203 3933 nunc
1227 3883 1287 3934 edm

786 3958 912 4012 narrabo.

153 4048 203 4102 Vel
219 4047 314 4115 priore
332 4059 411 4099 uersu
429 4042 519 4096 istanc
537 4057 595 4095 rem
611 4041 701 4093 mritis
714 4040 787 4093 bona
801 4037 853 4091 tibi
867 4039 974 4091 instant
988 4056 1005 4091 a
1021 4038 1085 4091 me’.
1107 4039 1184 4091 Idem
1198 4055 1222 4091 o.
1238 4044 1289 4090 494

144 4127 250 4181 faciam
273 4126 306 4178 ui
327 4125 437 4177 deleuit:
462 4122 543 4191 ‘quoe
561 4122 608 4190 qui
626 4138 732 4175 seruarc
750 4119 844 4184 molet,
869 4118 961 4171 miuus
977 4123 1008 4171 ul
1026 4123 1093 4186 puto
1108 4118 1288 4185 probabiliter

144 4207 233 4261 deleto
252 4203 340 4256 uitem
358 4204 398 4256 sic
415 4202 525 4256 scribet:

219 4282 300 4337 Vnde
320 4284 352 4336 tn
372 4282 526 4351 pergrande
546 4281 652 4333 lncrdrn
673 4280 766 4332 facias.
800 4278 900 4333 isaiam
920 4281 953 4332 dt
972 4277 1026 4331 mci
1045 4274 1202 4330 memineris
1221 4275 1288 4328 dnm

786 4359 887 4413 uinas’.

145 4445 193 4513 Cf.
212 4443 374 4512 Spcmpelius
395 4442 480 4508 ‘Iicsff
498 4459 527 4510 p.
548 4446 611 4508 317,
630 4440 759 4493 Klotaius
775 4457 803 4507 p.
825 4444 888 4494 124.
907 4441 972 4493 216.
992 4439 1058 4489 292.

239 4528 300 4576 495.
320 4522 395 4575 Bene
414 4521 496 4575 dictis
514 4523 570 4574 tuis
590 4520 660 4573 bane
679 4519 753 4573 facin
773 4519 852 4572 surdo
868 4531 945 4571 meae
961 4513 1096 4569 auxilium
1111 4514 1290 4584 expostulans

145 4604 177 4658 'R
201 4603 306 4657 addens
330 4601 515 4656 ‘nxnoscnnn
539 4617 595 4654 non
617 4600 700 4652 imbro
723 4598 771 4666 qui
795 4604 872 4650 tneor
890 4597 949 4650 sinc
966 4597 1091 4666 praviore
1109 4595 1236 4649 conatu':
1260 4600 1289 4648 at

144 4685 181 4749 cf.
207 4683 241 4737 de
263 4698 342 4736 versu
362 4682 513 4736 Muellerus
529 4699 558 4750 p.
577 4684 629 4734 211
649 4679 713 4733 adu.
740 4679 783 4745 (de
801 4677 903 4730 lacuna
922 4677 1070 4744 capitone),
1088 4674 1238 4728 Koeblerus
1257 4674 1290 4727 de

143 4768 246 4832 septen.
271 4762 355 4816 troelr.
376 4779 406 4830 p.
425 4766 469 4816 34.
490 4767 536 4828 97,
559 4761 644 4826 alios,
669 4759 702 4813 dc
729 4759 817 4813 uerbis
840 4772 901 4812 uero
925 4772 986 4810 cum
1008 4755 1183 4825 Niemeyerns
1201 4771 1231 4825 p.
1251 4758 1290 4809 29
