2910 5528
596 814 799 874 PRAEFATIO
1235 822 1274 877 lX

152 987 194 1048 tas
207 979 646 1047 emendaveratLorenaius
657 980 773 1073 Plrilol.
783 981 847 1048 vol.
857 981 901 1046 30
911 977 953 1068 (a.
967 979 1065 1068 1870)
1081 1007 1111 1068 p.
1121 985 1186 1051 578
1197 1008 1277 1071 sqq,

154 1091 188 1155 32
204 1086 241 1175 (a.
265 1086 366 1175 1873)
390 1111 420 1172 p.
444 1088 511 1153 270
520 1109 599 1172 sqq,
622 1089 687 1152 406
698 1109 784 1173 sqq.,
806 1088 923 1153 iterum
947 1091 1089 1154 excussit
1111 1091 1144 1154 in
1168 1114 1275 1156 meum

154 1218 227 1260 usum
241 1197 439 1280 Augustus
454 1195 552 1275 Mau,
576 1195 666 1259 cuius
690 1194 821 1260 collatio
846 1196 987 1279 exceptis
1010 1197 1121 1279 paucis
1146 1197 1276 1281 quibus-

155 1302 211 1366 dam
231 1303 306 1368 loeis
325 1301 506 1367 Lorenaii
528 1301 685 1366 lectiones
705 1302 886 1366 confirmat:
909 1301 965 1366 ubi
986 1301 1019 1366 id
1040 1302 1144 1367 miuus
1166 1305 1275 1388 fiebat,

156 1407 298 1473 llauium
322 1412 453 1473 secutus
478 1431 561 1473 sum:
586 1408 641 1473 sed
665 1407 914 1491 discrepantiae,
944 1407 973 1471 si
996 1429 1016 1471 a
1039 1408 1120 1473 locis
1144 1411 1276 1494 aliquot,

157 1516 249 1594 quibus
271 1514 499 1579 Lorenzium
523 1536 648 1579 errasse
672 1518 796 1578 eertum
821 1517 884 1596 est,
911 1514 1114 1596 discesseris,
1137 1516 1275 1581 leviores

156 1625 221 1684 sunt
259 1618 331 1684 Vna
360 1625 471 1684 tamen
500 1621 533 1684 in
561 1643 595 1685 re
627 1621 733 1706 magis
761 1618 897 1684 discedit
920 1618 1072 1686 Manius
1096 1624 1129 1684 et
1152 1643 1172 1685 a
1195 1620 1276 1685 Rit-

156 1726 276 1791 scbelio
304 1732 337 1791 et
360 1749 379 1790 a
402 1726 603 1791 Lorenzio:
636 1749 712 1790 nam
740 1748 812 1790 cum
840 1724 890 1788 illi
918 1724 998 1789 duas
1026 1726 1060 1789 in
1082 1725 1143 1791 hac
1166 1728 1276 1792 fabula

157 1837 346 1898 mnectorum
376 1854 491 1897 manus
520 1832 718 1917 distinguere
748 1832 876 1897 soleant
904 1834 1032 1915 praeter
1062 1829 1275 1897 Camerarii

158 1961 261 2004 manum
288 1939 560 2021 recentissimam,
589 1939 643 2004 hic
671 1938 887 2003 correctiones
916 1959 1028 2003 omnes
1058 1938 1172 2003 eadem
1195 1946 1276 2005 nota

158 2047 316 2130 conplexus
349 2045 506 2110 secundae
543 2047 653 2111 manui
691 2046 860 2131 assignare
893 2044 1023 2109 maluit:
1060 2045 1275 2110 Ritschelii

159 2157 224 2217 certe
246 2154 417 2236 rationem,
450 2175 513 2237 qua
544 2153 691 2238 singulas
720 2152 897 2235 scripturas
924 2152 1010 2215 inter
1040 2151 1213 2216 secundam
1244 2156 1277 2215 et

160 2260 261 2324 tertiam
284 2283 417 2325 manum
441 2259 621 2338 distribuit,
648 2260 827 2344 praefracte
856 2258 990 2343 negavit
1012 2258 1144 2342 probari
1167 2280 1275 2342 posse:

161 2369 202 2428 eut
216 2388 316 2432 omnes
335 2371 393 2431 aut
412 2388 514 2452 paene
534 2388 646 2432 omnes
665 2365 881 2431 correctiones
901 2365 1044 2429 eiusdem
1069 2356 1183 2429 manus
1207 2387 1276 2429 esse

162 2475 186 2534 et
201 2473 296 2537 oculos
319 2473 434 2539 docere
458 2478 546 2538 etex
566 2495 605 2537 eo
625 2495 790 2558 apparere,
815 2471 900 2555 quod
924 2472 958 2535 in
983 2471 1161 2556 posteriore
1184 2476 1276 2555 parte

161 2576 260 2643 fabulae
291 2581 388 2645 simul
422 2602 533 2645 omnes
562 2581 719 2644 deessent.
772 2578 870 2644 Cuius
899 2579 961 2644 viri
992 2578 1208 2661 experientiae
1240 2599 1276 2642 ac

163 2682 251 2750 iudicio
273 2687 557 2770 obtemperandum
582 2686 653 2750 fuit.
700 2684 849 2750 Ceterum
874 2707 990 2749 moneo
1016 2683 1274 2748 Ritscheliurn

165 2811 261 2875 quoque
279 2794 514 2858 correctionum
534 2795 631 2876 longe
655 2792 811 2876 plurimas
837 2792 946 2855 rnanui
971 2791 1137 2872 secundae,
1161 2790 1276 2853 tertiae

164 2917 212 2959 non
229 2901 268 2963 ita
290 2901 409 2965 multas
434 2900 652 2982 adscripsisse.
675 2936 712 2944 —
735 2898 869 2962 Codices
890 2898 1142 2961 Decurtatum
1166 2893 1220 2981 (C)
1244 2900 1277 2959 et

166 2998 380 3071 Ursinianum
397 3005 458 3092 (D)
474 3029 599 3070 summa
614 3028 690 3069 cura
706 3006 847 3068 excussit
870 3004 1093 3068 Fridericus
1109 3001 1277 3068 Sclrocll:

167 3109 231 3173 euius
246 3114 504 3178 adnotationibus
528 3135 594 3177 non
614 3112 705 3176 video
730 3112 806 3194 quid
831 3111 945 3175 addam
970 3111 1032 3174 nisi
1056 3132 1171 3174 uuum:
1196 3109 1277 3175 inD

168 3222 263 3294 praeter
283 3221 362 3284 duas
387 3220 594 3285 correctrices
624 3241 737 3282 manus
766 3219 863 3281 etiam
896 3217 1027 3281 tertiam
1053 3219 1181 3300 saepius
1205 3241 1276 3281 eum

168 3319 330 3409 discrevisse,
353 3349 450 3411 quam
475 3328 529 3390 ubi
554 3325 806 3390 commemoravi
826 3346 865 3387 ne
890 3347 960 3387 cum
982 3321 1028 3388 D²
1053 3328 1110 3388 aut
1136 3323 1181 3388 D³
1204 3346 1277 3389 con·

169 3425 326 3516 tunderetur,
350 3434 541 3517 simpliciter
565 3433 697 3497 ‘aliam
722 3430 888 3495 manum'
914 3431 1090 3495 correxisse
1114 3431 1189 3495 dixi.

231 3537 353 3604 Praeter
366 3541 427 3604 hos
443 3544 551 3603 autem
566 3538 928 3619 librosltitscheliuS,
948 3537 1001 3601 ‘ut
1021 3537 1198 3620 exempla
1217 3560 1277 3600 ex-

168 3643 310 3729 starent',
344 3647 376 3709 in
409 3668 524 3710 scaena
554 3646 671 3729 prima,
706 3667 743 3708 ex
774 3649 865 3727 parte
890 3644 987 3708 etiam
1016 3645 1049 3706 in
1079 3644 1278 3726 argumentis

168 3751 284 3832 matricio,
300 3775 336 3817 ex
349 3753 514 3817 codicibus
525 3753 559 3816 E
564 3752 637 3817 GH
641 3752 677 3815 K
680 3751 796 3816 LMN
800 3752 838 3834 P,
853 3752 886 3814 in
901 3750 1103 3834 paenultima
1118 3754 1150 3813 et
1165 3749 1280 3813 ultima
1312 3778 1316 3786 ·

167 3853 433 3924 extructiones
449 3860 571 3943 attulit,
583 3854 667 3942 ‘cruos
687 3859 788 3923 libros
808 3859 927 3941 partim
944 3859 977 3921 in
996 3857 1197 3940 praelatione
1212 3855 1280 3920 Tri·

168 3970 270 4046 nunni,
288 3968 407 4049 partim
424 3967 457 4030 in
472 3967 566 4031 huius
585 3966 715 4029 fabulae
736 3965 876 4029 editione
892 3966 1073 4029 accuratius
1095 3964 1279 4046 descripsit:

165 4084 224 4144 (puae
233 4074 374 4156 exempla
393 4095 465 4136 cum
481 4074 560 4136 satis
572 4073 733 4136 videretur
748 4073 774 4135 si
790 4073 822 4135 in
837 4072 1005 4154 procedosi
1024 4075 1180 4153 extarent,
1195 4094 1280 4134 nunc

164 4176 187 4233 et
202 4173 337 4243 lectiones
361 4185 393 4243 et
411 4179 644 4261 descriptiones
661 4179 764 4242 omisi.
802 4178 986 4242 Eorundem
1006 4182 1114 4241 saitem
1136 4178 1279 4240 codicum

162 4283 331 4351 noviciorum
361 4287 589 4350 auctoritatem
619 4308 691 4350 cum
724 4287 854 4349 minime
886 4291 1038 4367 superent
1067 4281 1280 4346 ‘Vaticani'

161 4382 197 4447 illi
215 4388 341 4475 Lipsii,
372 4415 453 4476 quos
478 4392 733 4456 Ritschelium
758 4397 886 4455 secutus
911 4391 1038 4472 saepius
1063 4391 1095 4451 iu
1120 4392 1279 4471 apparatu

160 4499 392 4580 commemoravi,
418 4500 516 4562 etiam
538 4521 620 4581 quac
640 4499 677 4561 de
697 4499 747 4562 lris
768 4499 933 4579 disputata
953 4499 1028 4557 sunt
1053 4495 1161 4557 omisi:
1191 4518 1279 4577 prae-

159 4603 245 4666 sertim
275 4629 346 4670 cum
383 4628 541 4668 summam
576 4628 686 4668 eorum
722 4626 803 4687 quae
836 4604 881 4664 ibi
915 4601 1063 4684 exposita
1102 4608 1176 4665 sunt
1211 4602 1280 4686 ipse

158 4703 375 4777 llitsclrclius
400 4713 517 4796 Opusc.
539 4712 600 4776 vol.
621 4713 652 4775 ll
679 4736 707 4795 p.
729 4712 772 4773 20
792 4710 863 4773 adu.
895 4710 1079 4792 complexus
1108 4708 1159 4773 sit.
1206 4708 1280 4773 Dis-

156 4818 333 4890 putationcm
359 4822 467 4882 autem
487 4818 525 4882 de
544 4819 794 4902 interpolatione
814 4817 1012 4881 noviciorum
1037 4817 1194 4881 librorum
1219 4817 1281 4878 ite-

155 4938 209 4984 rare
236 4927 363 5010 nequivi
393 4926 456 4988 nisi
484 4927 609 4990 ratione
638 4926 751 4989 habite
780 4947 903 5000 corum,
941 4947 1020 5008 quac
1054 4924 1276 4987 recentissimo
