2910 5528
587 1557 886 1625 PRAEFATIO

255 1825 461 1890 Poenulum
484 1825 705 1889 Plautinam
728 1848 800 1890 cum
825 1849 910 1891 anno
933 1827 1017 1894 1858
1040 1831 1157 1894 recenti
1181 1835 1214 1893 et
1238 1831 1303 1895 acri

163 1933 271 1996 studio
295 1953 468 2017 aggressus
490 1937 577 1996 esset
595 1930 817 1997 Friderious
837 1933 1076 1999 ltitschelius
1096 1936 1211 2019 quibus
1233 1959 1303 2020 pro·

162 2039 288 2103 hibitus
312 2039 476 2103 laboribus
500 2039 726 2123 aerumnisque
748 2061 813 2103 non
836 2040 876 2103 ad
895 2040 993 2103 finem
1013 2042 1205 2124 perduxerit,
1228 2042 1306 2108 Otto

161 2143 308 2209 Ribbeck
333 2144 407 2209 libri
427 2166 490 2229 quo
510 2145 570 2208 viri
590 2145 675 2208 unici
691 2145 790 2208 vitam
806 2151 992 2228 persecutus
1009 2151 1059 2211 est
1072 2169 1145 2232 pag.
1162 2150 1224 2214 188
1236 2171 1305 2233 sqq.

160 2251 224 2316 vol.
252 2249 284 2313 ll
319 2251 504 2334 planissime
534 2251 690 2334 exposuit.
742 2251 898 2316 Inventas
927 2256 1034 2316 autem
1064 2259 1139 2317 sunt
1168 2255 1304 2319 schedae

159 2378 219 2421 nec
241 2379 364 2441 paucae
388 2362 422 2422 et
442 2357 654 2422 nitidissimae
678 2363 801 2421 textum
826 2364 1081 2443 apparatumque
1102 2361 1304 2425 continentes

158 2486 311 2528 versuum
343 2465 407 2528 760
437 2465 579 2548 priorum
613 2470 679 2528 tam
713 2470 859 2528 accurate
888 2466 1040 2548 scriptae,
1073 2469 1109 2528 ut
1137 2466 1200 2528 nisi
1232 2467 1304 2547 plus

159 2592 257 2654 quam
285 2571 401 2654 viginti
424 2592 582 2635 annorum
606 2572 745 2655 spatium
769 2570 970 2635 interiectum
996 2576 1095 2653 esset,
1117 2570 1199 2634 nihil
1223 2573 1304 2655 quin

159 2677 349 2760 typothetae
368 2678 570 2740 traderentur
589 2677 818 2759 impediturum
837 2677 942 2741 fuerit.
970 2675 1039 2740 Has
1054 2676 1153 2760 igitur
1167 2676 1301 2740 schedas

158 2782 204 2845 ita
228 2783 471 2848 fundamentum
494 2806 564 2847 esse
588 2788 722 2847 nostrae
743 2783 938 2846 recensionis
962 2782 1136 2863 voluimus,
1165 2789 1201 2845 ut
1225 2806 1302 2864 pau-

159 2889 306 2958 cissimis.
322 2891 586 2954 adnotationibus
610 2911 740 2972 prorsus
766 2889 898 2953 abiectis
922 2889 1046 2971 reliqua
1070 2890 1140 2970 pari
1164 2889 1225 2952 fide
1249 2890 1301 2952 ad·

159 2995 352 3077 biberemus
377 3018 440 3080 qua
464 2996 497 3060 in
519 2996 696 3061 Mercatore
717 3000 749 3058 et
768 2994 879 3058 Sticho
899 2994 992 3058 editis
1014 2993 1183 3058 ltitschelii
1203 2997 1302 3060 uerba

157 3111 285 3165 servata
319 3108 410 3167 sunt:
442 3103 532 3167 cuius
566 3103 639 3166 fidei
673 3106 773 3165 testes
806 3123 875 3165 esse
903 3105 1042 3183 possunt
1074 3123 1208 3165 scaenae
1238 3102 1253 3165 l
1281 3105 1302 3166 2

157 3209 202 3290 (v.
229 3206 351 3293 1-50)
376 3214 409 3272 et
431 3208 475 3291 ll,
504 3231 640 3292 quarum
665 3208 753 3291 prior
777 3207 864 3271 edita
887 3212 937 3270 est
960 3207 1000 3272 ab
1025 3208 1097 3289 ipso
1121 3207 1301 3274 Ritschelio

156 3314 190 3376 in
216 3336 357 3397 prooem.
376 3315 479 3379 Bonn.
499 3338 526 3378 a.
545 3316 673 3397 1858s9‚
698 3312 858 3397 posterior
877 3313 996 3377 ibidem
1016 3314 1154 3379 a.1865.
1194 3317 1300 3398 Appa-

155 3425 263 3483 ratum
288 3421 407 3505 ubique
431 3425 579 3484 nostrum
603 3444 673 3485 esse
696 3421 750 3483 vix
773 3425 823 3484 est
845 3421 929 3503 quod
951 3443 1152 3485 moneamus:
1176 3422 1297 3504 dequo

155 3527 267 3610 paucis
292 3527 397 3609 egisse
422 3528 501 3591 satis
526 3528 629 3591 risum
653 3531 711 3591 est.

247 3633 500 3696 Ambrosiani
519 3630 578 3718 (A)
599 3632 709 3716 largas
728 3633 881 3718 reliquias
902 3632 1066 3697 Gustavus
1082 3633 1196 3697 hoewe
1215 3635 1299 3699 curis

155 3738 386 3803 Ritschelianis
420 3739 710 3823 Geppertianisque
743 3762 819 3802 usus
853 3738 1025 3820 descripsit
1055 3740 1117 3820 ita,
1154 3744 1190 3803 ut
1224 3762 1299 3822 apo-

153 3845 304 3930 graphon
333 3847 438 3928 prima
468 3846 604 3910 lectione
637 3845 818 3909 confectum
846 3845 951 3908 denuo
984 3866 1056 3908 cum
1085 3845 1299 3928 palimpsesto

152 3951 303 4017 conferre
337 3957 468 4038 propter
499 3953 654 4035 temporis
692 3952 859 4035 angustias
892 3972 959 4015 non
992 3952 1109 4033 posset.
1164 3947 1299 4012 Servata

151 4062 264 4124 autem
289 4064 365 4123 sunt
388 4060 467 4124 haec
489 4061 583 4124 folia:

347 4165 401 4229 Aa

294 4256 418 4381 saec.
443 4265 508 4328 233
533 4293 574 4313 =
599 4262 784 4326 232-233.
808 4262 984 4325 aco-317

336 4363 418 4429 223.
443 4363 508 4425 223
534 4391 574 4411 =
599 4361 785 4423 343-333.
809 4360 986 4422 333-332

312 4432 419 4649 ((223.
443 4460 508 4523 224
533 4487 573 4507 -.
599 4458 786 4519 ssa-371.
809 4457 984 4520 sur-ass
1040 4505 1188 4587 [LXVII]

344 4557 418 4620 aar.
443 4558 507 4620 233
533 4585 574 4606 =
598 4554 785 4617 sss-ror.
808 4554 985 4617 433-423

344 4653 418 4716 233.
442 4653 508 4716 234
531 4681 573 4703 =
598 4652 782 4715 423-444.
809 4650 982 4714 443434

344 4751 420 4815 aar.
442 4749 508 4814 232
533 4780 573 4801 =
598 4748 984 4813 432-43ο.431-3οο
