2910 5528
152 343 216 399 Vlll
619 340 825 398 PRAEFATIO

151 506 229 572 tinia
253 505 345 571 libris
369 505 488 570 senarii
512 483 639 570 eristent
661 507 800 591 triginta
823 509 962 590 septem,
986 505 1124 571 efficitur
1146 506 1186 571 ad
1211 528 1298 572 com·

154 612 289 697 plendas
312 613 450 698 paginas
474 612 504 677 Ι.
522 613 535 676 i
553 635 682 678 versum
706 635 803 676 unum
828 613 947 678 deesse.
992 612 1064 689 Quo
1087 613 1298 698 integriorem

153 721 255 785 fuisse
269 719 521 784 Ambrosianum
542 719 604 783 hoc
623 720 684 783 tibi
702 720 827 784 firmius
846 719 1062 803 persuadebis,
1085 743 1149 805 quo
1169 720 1299 785 eviden-

154 828 220 891 tius
244 827 346 910 ipsius
366 826 545 891 sententiae
564 827 713 891 lacunam
731 828 759 890 ia
779 849 890 892 versus
914 827 1023 910 prodit
1046 828 1101 910 qui
1124 828 1209 892 inter
1231 828 1297 892 526

154 933 274 999 11529
298 933 436 997 habetur
454 930 599 1018 vulgo.*)
646 932 820 998 Difficilius
845 933 884 998 de
908 933 982 997 sede
1006 933 1140 998 alterius
1164 934 1299 999 lacunae

153 1042 322 1122 statuitur,
353 1060 434 1123 quae
465 1037 505 1102 ad
535 1040 672 1123 paginas
702 1040 744 1104 B.
771 1040 796 1104 b.
826 1038 858 1104 0.
886 1061 902 1105 c
929 1043 1064 1125 spectat.
1109 1037 1180 1104 Hae
1212 1040 1298 1103 enim

152 1169 225 1211 oum
251 1168 401 1211 versuum
425 1144 562 1210 LXXVI
587 1146 828 1211 multitudinem
857 1148 1041 1230 requirant,
1073 1151 1184 1210 tamen
1213 1146 1299 1210 inter

152 1277 180 1318 v.
196 1250 294 1339 74**)
316 1258 349 1317 et
370 1254 431 1318 147
456 1252 552 1317 hodie
571 1257 699 1317 tantum
718 1251 840 1317 LXXII
863 1253 1028 1338 leguntur:
1053 1275 1116 1337 quo
1140 1252 1298 1316 accedunt

152 1382 289 1425 scaenae
307 1359 511 1444 inscriptioni
531 1359 683 1425 destinati
702 1359 775 1424 duo.
820 1359 893 1424 Nisi
911 1360 1012 1444 igitur
1030 1359 1064 1423 in
1078 1359 1298 1424 Ambrosiano

152 1465 283 1550 putabis
307 1466 433 1551 aliquot
455 1488 567 1530 versus
590 1467 642 1532 vel
667 1486 774 1530 errore
793 1467 929 1531 iteratos
954 1487 1024 1530 esse
1048 1465 1099 1530 vel
1122 1465 1299 1531 accessisse

151 1595 190 1638 ex
204 1571 463 1658 interpolatione,
487 1593 622 1656 quorum
638 1576 788 1637 neutrum
804 1572 915 1656 aliqua
929 1572 1176 1656 probabilitatis·
1192 1571 1298 1655 specie

150 1679 407 1761 commendatur,
435 1683 531 1762 poeta
558 1678 734 1743 credendus
764 1679 826 1742 erit
854 1678 933 1742 duos
962 1678 1105 1743 senarios
1136 1678 1300 1743 addidisse

151 1785 206 1871 qui
229 1784 326 1851 hodie
350 1784 584 1862 desiderentur,
613 1784 665 1848 vel
688 1785 826 1849 fortasse
850 1788 927 1869 tres,
951 1785 979 1849 si
1003 1785 1215 1869 suppositicio
1240 1784 1299 1849 illo

84 1884 88 1893 '
153 1892 216 1957 132
240 1892 373 1957 carebat
395 1889 642 1955 Ambrosianus.
689 1890 751 1967 Qui
774 1891 831 1955 ubi
854 1890 1047 1973 exciderint,
1070 1891 1146 1975 quia
1169 1890 1205 1954 in
1228 1912 1298 1955 sen·

150 1998 261 2062 tentiis
290 1998 373 2062 nihil
401 1996 574 2061 admodum
603 1997 686 2082 hiat,
714 2019 786 2062 cum
816 1998 925 2082 aliqua
954 1996 1149 2062 confidentia
1172 1997 1299 2062 definiri

150 2105 272 2188 nequit.
318 2103 431 2169 Potuit
449 2109 524 2188 post
542 2107 830 2169 commemoratum
849 2127 877 2169 v.
895 2105 937 2169 86
953 2126 1000 2189 sq.
1022 2126 1140 2169 nomen
1163 2124 1300 2187 graecae

150 2211 337 2277 comoediae
366 2211 515 2276 accedere
543 2215 657 2295 poetae
681 2233 813 2275 nomen:
841 2212 949 2296 potuit
979 2211 1086 2275 versui
1109 2211 1152 2274 92
1177 2211 1299 2295 aliquid

150 2318 355 2403 praecedere,
388 2339 452 2401 quo
485 2319 590 2400 itaque
620 2317 783 2403 particula
819 2318 1020 2400 insequentis
1053 2340 1165 2381 versus
1199 2317 1299 2381 etiarn

152 2425 260 2509 aptius
285 2430 317 2488 et
339 2430 496 2507 tanquam
527 2424 719 2507 explicatius
748 2445 845 2507 quam
873 2444 960 2487 nunc
983 2423 1023 2487 ad
1048 2423 1301 2488 1911111111-

149 2536 216 2596 tur:
249 2532 328 2594 itcm
355 2535 489 2613 potuere
517 2535 593 2612 post
621 2553 650 2593 v.
678 2531 739 2593 144
767 2529 846 2593 talia
877 2529 966 2612 addi,
1000 2552 1019 2593 a
1047 2530 1163 2612 quibus
1193 2530 1299 2594 lenius

150 2658 247 2720 quam
269 2658 354 2700 nunc
373 2637 411 2699 fit
434 2635 474 2700 ad
499 2658 527 2701 v.
550 2636 611 2700 145
635 2636 836 2699 transiretur.
883 2635 1035 2700 Omnium
1058 2639 1168 2700 tamen
1192 2639 1300 2720 proxi-

152 2765 240 2806 mum
265 2765 284 2807 a
308 2741 520 2806 similitudine
544 2743 612 2807 veri
634 2742 742 2806 nascio
762 2765 804 2807 an
827 2742 889 2806 hoo
913 2742 956 2806 sit
978 2745 1023 2826 ut,
1046 2742 1200 2827 quoniam
1222 2765 1300 2808 rrum

152 2849 312 2934 particula
335 2850 403 2913 aius
428 2870 553 2927 versus,
576 2848 632 2933 qui
656 2849 753 2933 vulgo
779 2849 899 2933 excipit
922 2871 1052 2913 versum
1076 2850 1134 2931 94,
1157 2871 1301 2914 commo·

151 2957 227 3020 dum
256 2956 453 3041 explicatum
480 2956 533 3020 vix
561 2954 676 3038 habat,
703 2978 769 3020 non
800 2957 1041 3040 transponendo
1065 2956 1175 3040 potius
1200 2979 1300 3021 sanus

154 3063 387 3128 sententiarum
417 3063 495 3128 ordo
524 3061 727 3146 restituatur,
755 3083 851 3146 quam
879 3063 1013 3127 lacunae
1041 3062 1238 3146 significatio
1266 3064 1300 3126 in

151 3170 236 3236 hunc
260 3168 392 3235 modum
414 3172 484 3234 fiat:

241 3302 397 3370 Maiorem
420 3307 547 3389 partem
569 3302 680 3369 uideas
704 3302 811 3388 uulgis
834 3302 943 3368 sauiis.

239 3433 256 3470 a
369 3433 387 3472 a
498 3435 516 3472 a
627 3432 645 3471 a
757 3431 775 3470 a
886 3432 904 3468 a

239 3513 326 3579 Nam
351 3537 412 3602 ego
435 3516 501 3580 hau
525 3515 579 3579 diu
604 3517 683 3599 aput
704 3514 790 3579 hunc
814 3514 1003 3579 seruitutem
1028 3516 1145 3580 seruio.

240 3622 277 3686 ld
301 3622 377 3686 uolo
401 3643 460 3686 uos
484 3621 574 3703 scire,
596 3619 757 3704 quomodo
782 3619 929 3684 adhunc
953 3621 1137 3686 deuenerim
1165 3660 1218 3688 -.

240 3754 379 3819 Tantum
395 3753 433 3818 de
450 3753 714 3818 Ambrosiano.
747 3753 958 3837 Reliquorum
977 3754 1131 3818 librorum
1149 3755 1201 3819 hic
1221 3778 1299 3820 usus

149 3862 221 3945 fuit,
240 3866 277 3925 ut
290 3882 349 3945 per
362 3864 466 3926 totam
486 3852 631 3924 fabulam
647 3860 824 3943 scripturae
843 3860 1092 3944 discrepantiam
1109 3862 1299 3926 afferremus

150 3990 166 4031 o
185 3965 377 4033 BODFZ?
407 3967 442 4033 B
460 3966 602 4033 codicem
622 3967 712 4032 cuius
732 3968 887 4032 lectiones
902 3966 1198 4033 Ritschclianas
1217 3970 1301 4033 mul·

238 4231 264 4298 *)
284 4230 457 4298 Quamquam
478 4231 512 4285 de
531 4233 583 4286 hac
602 4248 634 4286 re
653 4231 736 4286 aliter
754 4222 934 4286 iudicandum
953 4231 1075 4287 videtur:
1098 4233 1131 4288 cf.
1152 4220 1217 4287 adn*
1237 4232 1300 4288 crit.

150 4307 185 4364 ad
206 4310 280 4363 huno
299 4327 419 4366 versum.

220 4387 262 4456 **)
282 4386 436 4443 Dicendum
451 4390 517 4444 luit:
538 4397 578 4446 73.
607 4392 697 4461 Igitur
711 4409 782 4445 nnus
797 4393 906 4445 tantum
922 4392 1001 4446 duest
1014 4410 1121 4461 vorsus,
1141 4392 1196 4447 nisi
1211 4411 1299 4448 unum

149 4467 314 4539 bipertitum
332 4468 419 4524 fuisse
437 4472 570 4541 putamus
590 4488 652 4527 oum
673 4471 871 4527 Studcmundo.
