2910 5528
149 319 225 374 XXII
608 320 814 376 PRAEFATIO

152 485 183 548 id
207 485 242 547 in
265 484 396 548 Persam
421 506 547 568 quoque
570 484 682 549 cedere
706 485 772 549 ism
797 485 978 550 accuratius
1003 485 1289 551 demonstrandum

149 590 220 655 erit.
267 591 355 666 Quae
384 592 494 654 stetim
523 590 557 654 in
585 591 681 675 primi
711 591 906 676 secundique
933 613 1046 656 versus
1073 591 1165 657 exitu
1193 593 1289 657 talem

148 697 254 760 labem
279 699 449 780 contraxit,
472 719 569 781 quam
593 719 621 760 v.
643 699 659 760 1
681 698 782 776 unius
795 719 913 782 morae,
936 699 1005 763 v.2
1029 698 1127 762 unius
1146 698 1290 782 syllabae

150 803 293 867 defectus
322 803 438 886 prodit.
486 802 577 878 Quod
603 824 678 866 vero
702 803 778 868 huie
802 804 940 868 defectui
962 825 1028 868 non
1051 804 1229 888 respondet
1251 806 1290 869 si·

151 910 227 973 mile
250 910 416 974 initiorum
442 908 685 993 detrimentum,
709 910 826 975 mirum
848 932 915 976 non
939 915 1003 993 est,
1026 909 1190 995 siquidem
1213 911 1290 976 haec

150 1017 229 1079 olim
259 1020 315 1079 aut
343 1017 376 1079 in
403 1016 524 1100 pagina
553 1037 646 1080 versa
674 1012 795 1099 scripta
822 1022 917 1081 erant
939 1017 1009 1082 eius
1030 1016 1118 1101 folii,
1150 1017 1235 1101 qnod
1257 1018 1290 1081 in

152 1122 272 1206 pagina
300 1126 389 1186 recta
412 1126 676 1207 argumentorum
701 1123 751 1186 rel
774 1123 903 1208 prologi
927 1123 1072 1188 senarios
1095 1122 1290 1207 praebuerit,

152 1232 208 1291 eut
231 1229 265 1291 in
289 1229 428 1314 paginae
451 1233 558 1293 rectae
583 1232 674 1312 parte
698 1229 851 1293 inferiore
869 1230 933 1314 ipsi
952 1229 1059 1294 versui
1080 1230 1120 1294 ll
1143 1230 1290 1314 opposita

151 1335 323 1398 exstabunt
351 1335 563 1399 monometris
593 1334 777 1400 dimetrisve
805 1335 840 1399 in
862 1335 967 1400 medis
989 1336 1112 1420 pagina
1134 1334 1289 1420 discripto

152 1441 235 1505 sicut
258 1440 292 1503 in
316 1441 361 1525 A,
384 1441 440 1505 ubi
464 1445 539 1524 post
562 1464 590 1505 v.
612 1444 638 1505 1.
658 1443 678 1505 2
702 1463 784 1505 unus
808 1444 944 1525 occupat
966 1465 994 1507 v.
1014 1441 1158 1506 21-23.

239 1546 352 1630 Longe
371 1548 564 1611 luculentius
584 1548 765 1631 exemplum
787 1547 898 1612 eudem
917 1568 1033 1612 scaena
1052 1547 1190 1632 praebet
1208 1570 1237 1612 v.
1251 1548 1290 1613 33

152 1655 184 1715 et
207 1652 259 1734 35,
289 1674 370 1736 quos
399 1652 440 1716 ab
468 1652 562 1717 initio
586 1656 753 1716 truncatos
778 1673 847 1715 csse
871 1656 937 1716 tarn
960 1650 1034 1715 libri
1059 1674 1158 1736 quarn
1183 1675 1290 1717 versus

151 1779 329 1841 sensusque
353 1757 538 1839 ostendunt,
565 1780 638 1822 curn
662 1757 716 1840 qui
739 1757 916 1822 intercedat
939 1778 1051 1821 versus
1074 1759 1207 1844 longior
1229 1781 1290 1823 non

153 1865 258 1928 minus
282 1887 301 1927 a
325 1869 427 1929 metro
452 1865 586 1929 laboret.
623 1864 693 1928 Iam
713 1858 789 1928 vero
810 1886 829 1927 a
848 1863 909 1927 fine
928 1865 1115 1929 decurtatos
1133 1864 1289 1930 habemus

152 1995 181 2036 v.
202 1972 244 2035 52
268 1976 300 2034 et
323 1972 379 2054 53,
402 1971 487 2033 inter
511 1992 590 2053 quos
614 1992 729 2035 scaena
752 1969 935 2034 intercedit:
959 1970 1043 2043 unde
1067 1969 1289 2056 intellegimus

152 2081 305 2161 quattuor
328 2077 392 2160 (vel
417 2077 533 2142 saltem
558 2074 640 2162 tres)
659 2098 770 2141 versus
789 2077 959 2141 continuos
979 2076 1124 2141 abscisso
1144 2077 1290 2162 margine

151 2190 286 2267 utroque
310 2184 380 2248 loco
405 2184 568 2247 exstitisse
592 2182 802 2266 breviores.*)
838 2181 935 2247 Falsa
954 2183 1056 2265 igitur
1075 2185 1184 2266 specie
1203 2206 1233 2247 v.
1251 2184 1290 2248 33

153 2291 246 2355 unius
265 2291 395 2355 litterae
415 2289 590 2373 spatiolum
611 2299 685 2372 post
699 2289 786 2354 Haec
803 2287 903 2353 habet
916 2287 950 2352 B
967 2286 1054 2373 (cum
1070 2289 1180 2354 minus
1196 2290 1289 2354 etism

152 2399 257 2462 valeat
281 2398 420 2480 spatium
444 2396 477 2459 in
501 2396 563 2459 fine
587 2417 699 2459 versus
723 2400 797 2477 post
819 2395 874 2483 hec
896 2394 930 2459 in
950 2391 1026 2479 OD)
1048 2416 1155 2480 neque
1174 2397 1290 2461 rectius

152 2526 189 2567 ex
223 2503 368 2586 speciosa
398 2500 573 2566 Camerarii
607 2501 791 2566 coniectura
820 2522 929 2566 omnes
959 2500 1046 2566 Haec
1073 2503 1141 2567 dics
1170 2523 1290 2567 memma

152 2611 324 2674 effecerunt
353 2630 390 2671 ex
414 2608 500 2672 Huec
527 2610 563 2673 de
590 2629 726 2687 seuuemo,
757 2629 820 2691 qua
848 2607 1032 2672 coniectura
1059 2611 1195 2691 recepta
1223 2607 1289 2671 aliis

152 2717 302 2798 deinceps
331 2737 411 2797 opus
441 2718 511 2777 eret
540 2713 788 2777 mutationibus:
817 2714 916 2777 immo
945 2712 1082 2776 servatis
1112 2713 1230 2777 ceteris
1252 2713 1288 2776 ab

154 2823 246 2885 initio
270 2823 359 2885 velut
379 2821 488 2885 Poctio
511 2819 709 2883 adiciendum
736 2824 818 2884 erat:
843 2841 905 2903 quo
929 2819 1056 2883 adiecto
1080 2821 1208 2901 optime
1226 2825 1287 2884 tarn

152 2949 263 2991 versus
283 2949 377 3011 quam
399 2927 558 2991 sententis
579 2926 726 3006 decurrit,
746 2924 796 2988 ‘de
815 2923 952 2989 summa'
971 2946 1044 2989 curn
1064 2947 1180 2990 revera
1199 2925 1285 2990 Toxi·

153 3034 203 3096 lus
237 3034 396 3116 pepigerit
428 3054 500 3096 cum
533 3033 648 3096 lenone
680 3029 724 3116 (v.
748 3031 810 3094 401
828 3053 889 3114 sq,
919 3031 1084 3114 412sqq.‚
1117 3030 1283 3116 eessqq.)

154 3139 237 3201 ltem
262 3161 289 3202 v.
308 3140 350 3203 34
375 3143 441 3201 tam
466 3139 671 3202 metricorum
691 3137 883 3201 offensiones
903 3159 999 3220 quam
1019 3136 1209 3202 criticorum
1227 3138 1283 3202 rio-

152 3244 271 3307 lentiae
299 3249 505 3324 evanescunt,
537 3245 592 3307 ubi
624 3245 761 3326 primurn
786 3243 983 3308 intellexeris
1006 3264 1046 3305 ex
1069 3242 1199 3309 duobus
1222 3266 1285 3309 eun

153 3353 300 3413 constare
320 3350 360 3413 ab
380 3351 473 3413 initio
493 3350 659 3413 truncatis.
688 3348 772 3412 Nam
792 3349 949 3413 iambicus
969 3350 1157 3415 octonarius
1177 3350 1286 3435 hyper·

153 3456 326 3521 catalectus
351 3478 453 3541 neque
476 3480 533 3540 per
557 3479 590 3520 se
610 3455 790 3540 probabilis
815 3460 865 3519 est
887 3477 989 3538 neque
1011 3454 1073 3519 hoc
1098 3455 1181 3537 loco,
1206 3477 1287 3539 prae

152 3562 264 3625 sertim
293 3585 364 3626 cum
392 3565 608 3646 se'rnpiternom
634 3564 812 3627 seruitutem
834 3563 953 3626 studet
975 3567 1093 3644 sponte
1117 3562 1286 3627 trochaicis

153 3670 344 3751 septenariis
364 3691 432 3733 sese
453 3668 681 3731 accommodet.
718 3667 831 3752 Neque
850 3668 1024 3751 quidquam
1039 3667 1073 3731 in
1089 3668 1173 3752 ipsis
1189 3672 1288 3733 tamen

154 3776 269 3858 verbis,
285 3798 363 3858 quse
375 3775 563 3838 coniecturis
575 3766 1013 3858 temptaruntjsuspicionem
1029 3778 1151 3839 movet.
1175 3773 1288 3850 Quodsi

153 3882 223 3962 quis
253 3887 397 3964 opponat
421 3903 484 3944 non
509 3880 613 3964 magis
638 3880 811 3963 quidquam
835 3879 1009 3943 desiderari
1035 3879 1073 3942 sd
1100 3883 1288 3946 sententian

152 3984 246 4047 liuius
276 4008 387 4050 versus
416 3987 465 4049 vel
494 3986 609 4049 horum
633 4007 781 4048 versuum
806 3981 912 4071 (utin
937 4006 973 4047 eo
998 3985 1053 4069 qui
1077 3987 1242 4051 antecedit
1264 3993 1290 4049 et-

153 4091 206 4170 qui
235 4094 379 4175 sequitur
407 4094 548 4177 itemque
573 4115 600 4156 v.
620 4092 720 4172 52[l]
745 4097 777 4156 et
801 4115 830 4155 v.
850 4086 922 4176 53),
950 4092 1128 4175 perlustret
1156 4097 1290 4179 tanturn-

241 4264 266 4327 *l
286 4266 465 4320 Intercedunt
482 4267 555 4320 inter
575 4234 614 4335 (l)
634 4283 728 4320 versus
744 4265 886 4319 truncatos
901 4283 934 4319 ex
948 4234 1054 4319 codicis
1068 4266 1097 4320 B
1112 4265 1291 4338 discriptione

156 4347 186 4391 15
207 4359 301 4396 versus
321 4345 379 4411 (ubi
394 4364 418 4399 v.
434 4350 468 4396 48
488 4346 547 4400 sine
567 4346 651 4400 dubio
672 4345 737 4399 olim
757 4345 907 4415 bipartitus
926 4343 981 4399 luit
999 4343 1045 4399 vel
1059 4347 1157 4414 potius
1173 4363 1208 4401 ex
1228 4347 1293 4402 binis

153 4425 287 4489 constat):
309 4430 341 4476 16
361 4427 425 4477 sunt
444 4440 476 4476 ex
495 4424 655 4493 Ritschelii,
676 4432 708 4478 17
728 4441 761 4478 ex
782 4426 876 4479 nostra
895 4423 1086 4494 discriptione.
