2910 5528
535 688 738 747 PRAEFATIO
1141 695 1204 750 xlx

63 849 204 914 honesta
231 850 408 915 calliditate
438 874 544 916 meras
572 853 771 938 ἀμφιβολίας
801 859 921 937 captet,
949 860 1057 920 tamen
1085 858 1204 924 ficticia

62 959 96 1019 et
109 956 275 1020 contraria
291 955 421 1020 veritati
435 957 543 1022 dedita
557 981 655 1042 opera
670 958 830 1023 declinet'.
856 960 946 1023 Adde
961 960 1203 1027 Fleckeiseuum

62 1061 149 1124 Ann.
173 1061 250 1145 phil.
271 1059 314 1126 CI
336 1085 366 1146 p.
388 1064 451 1127 847
481 1069 514 1126 et
541 1063 750 1146 Remigium,
779 1065 833 1148 qui
859 1086 924 1129 non
954 1066 1038 1130 male
1066 1068 1204 1132 coniecit

63 1167 190 1231 nomini
208 1168 340 1233 subesse
359 1171 483 1253 Λοκρίς
506 1169 707 1254 gentilicium
731 1192 795 1234 non
815 1171 882 1235 sine
901 1171 974 1236 lusu
993 1177 1124 1256 propter
1144 1173 1202 1238 ‘lu-

62 1272 165 1338 crum'
193 1296 213 1338 a
240 1273 357 1339 Plauto
386 1275 555 1340 detortum.
601 1273 749 1341 Ceterum
778 1277 904 1361 decepti
932 1279 1061 1342 nomine
1090 1279 1203 1345 Pulsus

61 1380 97 1443 in
120 1380 316 1444 editionibus
340 1382 503 1445 veteribus
526 1380 668 1446 Vraerur
694 1383 776 1445 male
800 1384 923 1447 tributo
946 1385 1050 1467 ipsam
1073 1385 1203 1450 fabulae

62 1486 309 1569 inscriptionem
343 1486 382 1550 de
414 1488 471 1552 illa
504 1488 599 1551 multi
627 1489 859 1573 intellegebant
887 1487 989 1573 (velut
1015 1489 1202 1576 Lessiugius

61 1589 186 1656 ‘Beitn'
220 1615 250 1676 p.
273 1595 328 1658 50:
362 1592 401 1657 cf.
433 1593 578 1676 Rappius
607 1618 635 1676 p.
662 1595 746 1659 1488
781 1600 813 1658 et
840 1586 1201 1663 Reinhardstoettuerus

61 1721 92 1782 p.
112 1695 203 1784 719),
225 1721 420 1783 quamquam
444 1699 509 1763 iam
534 1698 676 1784 Scaliger
701 1701 825 1764 monuit
848 1690 1201 1786 ‘nomen'gentilieium

60 1805 168 1889 virile,
191 1825 257 1870 non
278 1805 480 1869 femininum'
504 1827 573 1870 esse
596 1805 705 1869 Persa.

151 1910 188 1974 Iu
231 1913 387 1976 actuum
428 1912 711 1976 distributione
753 1935 818 1976 nou
859 1913 1004 1981 dubitavi
1043 1915 1204 1999 Spengelii

62 2017 205 2101 vestigia
228 2017 328 2101 sequi,
351 2038 423 2081 cum
447 2017 646 2081 Ritschelius
671 2039 736 2081 nou
760 2018 882 2100 putarit
908 2042 926 2081 a
945 2020 1106 2084 tralaticia
1130 2044 1203 2085 cou-

61 2123 231 2187 suetudine
251 2124 461 2187 recedendum
481 2146 559 2188 esse.
588 2123 689 2199 ‘Quae
705 2146 888 2208 quanquam
904 2125 1002 2189 habet
1016 2148 1093 2190 saue
1108 2148 1203 2210 quue·

61 2228 136 2293 dam
165 2230 381 2312 incommoda,
409 2233 518 2293 tamen
546 2229 625 2293 haec
653 2230 775 2293 leviora
803 2231 874 2294 visa
902 2236 977 2294 suut
1005 2254 1081 2315 prae
1105 2232 1202 2316 longe

62 2335 268 2419 gravioribus
292 2334 552 2417 difficultatibus,
576 2336 713 2418 quaein
737 2334 993 2400 commendatam
1017 2339 1202 2420 nuperrime

63 2445 97 2523 [a
117 2440 294 2506 Submitzio
318 2442 454 2521 scilicet]
480 2441 670 2505 divisionem
694 2442 820 2505 cadunt.
860 2445 907 2507 Ac
926 2445 1063 2507 fortasse
1082 2444 1202 2527 aliquid

60 2548 158 2611 huius
183 2547 228 2610 rei
253 2568 324 2611 cum
348 2538 533 2612 condicione
557 2547 707 2612 universa
729 2547 824 2611 huius
849 2547 976 2612 fabulae
996 2550 1201 2613 coniunctum

61 2656 126 2734 est,
155 2652 260 2736 qualis
290 2653 417 2737 quidem
446 2676 484 2716 eo
507 2675 591 2717 nunc
616 2653 762 2717 habetur.
808 2653 846 2716 Iu
871 2676 934 2736 qua
956 2660 993 2717 ut
1016 2653 1201 2737 Plautinum

60 2759 244 2845 ingenium,
272 2759 356 2842 quod
382 2781 479 2842 supra
503 2760 667 2842 professus
692 2782 775 2842 sum,
805 2780 946 2842 agnosco
972 2781 1066 2823 sensu
1091 2761 1202 2824 certis·

61 2865 157 2948 simo,
179 2866 225 2929 ita
250 2866 299 2928 vel
324 2866 427 2929 nitere
451 2866 559 2929 omnia
583 2865 631 2929 vel
655 2865 806 2928 Plautina
826 2869 894 2928 arte
914 2864 994 2928 satis
1015 2865 1113 2947 digna
1131 2888 1202 2930 esse

62 2971 195 3036 minime
219 2969 461 3055 contendam.*)
498 2972 588 3036 Nihil
611 2994 696 3036 nunc
720 2972 824 3035 dicam
848 2972 885 3034 de
906 2971 1063 3054 singulari
1083 2976 1200 3037 metro-

62 3100 133 3141 rum
159 3078 331 3160 vurielate,
354 3101 434 3161 quae
459 3100 530 3142 eum
554 3079 586 3141 in
612 3079 737 3142 cantica
761 3078 913 3142 Plautina
936 3078 1075 3160 plurima
1098 3079 1201 3161 cadat,

61 3190 171 3248 tamen
195 3184 228 3247 in
252 3184 314 3248 bac
337 3185 446 3248 fabula
470 3184 556 3247 haud
576 3185 641 3248 scio
662 3206 703 3247 an
722 3185 756 3247 in
774 3184 1016 3265 insolentiorem
1035 3184 1199 3248 licentiam

62 3294 182 3355 vertat:
212 3291 244 3353 id
270 3291 355 3375 quod
379 3291 417 3354 de
441 3291 547 3373 prima
571 3291 776 3373 potissimum
804 3297 836 3353 et
859 3290 1060 3373 paenultima
1083 3312 1200 3353 scaena

60 3397 252 3482 significavi,
276 3397 354 3461 item
378 3396 416 3459 de
441 3395 488 3459 lV
508 3397 527 3460 3
553 3419 580 3459 v.
599 3396 664 3460 489
681 3419 749 3479 sqq.
790 3396 852 3459 Vbi
875 3401 912 3459 ut
932 3396 1024 3458 valde
1047 3396 1200 3480 ambigua

60 3509 110 3567 est
142 3506 319 3568 metrorum
354 3503 521 3586 discriptio
551 3503 654 3566 omnis
687 3506 720 3564 et
748 3503 854 3565 varios
887 3525 981 3585 saepe
1015 3502 1199 3565 dimetiendi

60 3609 175 3674 modos
199 3610 354 3690 admittit,
376 3610 423 3673 ita
443 3610 481 3672 ad
504 3610 658 3672 maiorem
678 3608 736 3671 illa
756 3608 1019 3691 aequabilitatem
1039 3609 1199 3690 quandam

59 3736 124 3780 uon
153 3715 250 3779 nimis
278 3715 448 3779 difficulter
482 3715 522 3779 ab
552 3737 596 3782 eo¹
618 3714 732 3778 adduci
761 3715 896 3797 poterit,
926 3715 981 3796 qui
1010 3737 1028 3777 a
1057 3714 1200 3778 codicum

57 3821 226 3898 memoria,
250 3843 344 3904 quarn
364 3843 424 3885 nos
444 3843 526 3885 nunc
547 3821 652 3884 dedita
672 3843 768 3903 opera
788 3820 985 3884 servavimus
1003 3821 1200 3903 plerumque,

58 3927 227 4010 aliquanto
256 3927 407 3991 liberiore
432 3927 615 3991 coniectura
639 3927 785 3990 recedere
810 3925 957 3990 voluerit.
1006 3923 1067 3986 Sed
1092 3929 1199 3986 tameu

56 4035 94 4096 ut
118 4054 183 4095 non
208 4033 306 4096 talem
327 4033 432 4116 qualis
453 4035 559 4095 exstat
579 4032 737 4113 prodiisse
756 4031 898 4095 fabulam
919 4053 935 4092 o
955 4029 1104 4092 manibus
1125 4049 1199 4110 poe-

54 4143 109 4202 tae
134 4136 273 4217 eredam‚
298 4137 352 4201 sed
376 4138 519 4220 aliquam
544 4160 615 4199 cum
638 4137 808 4219 iniquitate
828 4139 1008 4215 temporum
1028 4138 1097 4195 turn
1117 4133 1198 4196 hanc

54 4245 207 4308 insecuto
241 4243 480 4306 ὁιασκευαστοῦ
517 4243 652 4306 artificio
685 4242 896 4304 mutationem
931 4239 1081 4313 subiisse,
1118 4237 1198 4300 illud

51 4349 264 4436 potissimum
289 4370 339 4411 me
363 4353 483 4431 movet,
507 4348 590 4431 quod
615 4352 689 4430 post
712 4346 874 4409 venditam
894 4341 1075 4408 Saturiouis
1098 4343 1198 4407 filiam

50 4457 177 4521 mirum
197 4453 232 4517 in
247 4453 376 4517 modum
396 4476 455 4518 nec
471 4454 591 4516 usitata
606 4454 721 4516 Plauto
737 4450 945 4514 festinatione
965 4471 1002 4513 ea
1022 4449 1054 4512 iu
1075 4470 1199 4530 scaena,

47 4602 127 4611 ——a—
139 4601 172 4606 m·
187 4598 271 4604 --·-··

144 4692 172 4759 ⁸)
198 4690 262 4743 Non
290 4690 521 4758 praetereundum
545 4704 604 4740 esse
629 4688 737 4740 videtur
760 4686 789 4739 iu
812 4686 865 4738 hac
889 4703 917 4739 re
942 4700 986 4738 ex·
999 4684 1198 4741 recentioribus

38 4773 146 4850 poetis
166 4767 309 4824 nemiuem
328 4768 403 4836 quod
423 4769 542 4822 sciamus
562 4765 673 4820 Persam
693 4767 821 4834 partesve
842 4765 940 4820 Persae
960 4766 1136 4836 expressisse.

949 4855 986 4909 b*
