2910 5528
156 349 219 412 172
605 349 608 354 ’
632 343 819 401 APPeme
1156 348 1296 400 ste-sae

153 513 183 564 et
200 510 293 580 lepido
313 509 390 565 uictu
411 508 441 563 u
458 509 596 574 refutante
614 507 749 578 Sepffuto
764 525 794 576 p.
816 511 851 561 15
860 523 898 576 sq.
918 507 1173 576 (quip.9.17.42
1192 506 1296 561 cassu

154 591 254 658 ecquid
273 590 326 644 tibi
344 596 409 659 sept.
428 591 511 644 trocb.
531 589 678 655 efficiebat,
701 592 733 642 ut
756 588 860 640 adscito
884 585 992 654 Ecquid
1015 584 1067 639 ubi
1092 584 1191 640 uideor
1213 592 1297 641 arton.

153 672 236 726 troclt.
255 670 396 736 Gruinius,
415 687 497 738 ouap.
517 669 680 735 Muellerus,
699 669 780 722 aliter
799 667 1003 722 Studemundus
1023 666 1131 722 ‘escun
1147 668 1169 735 s.
1185 665 1294 736 Gyara!

154 751 279 806 XVIII
292 753 500 820 pecasse).
537 749 581 802 De
603 746 719 816 lepided
741 752 766 802 et
788 747 922 816 ingeniod
945 750 986 802 vel
1003 746 1107 801 hilarid
1130 749 1174 802 oel
1194 745 1296 801 hilerid

152 831 288 900 ingeniod
310 831 449 902 copitabat
468 828 497 880 It
516 829 586 884 Nos.
606 846 661 882 ecc.
682 830 703 881 I
717 846 746 896 p.
762 832 807 882 69.
821 832 867 883 88.
896 825 986 882 hilare
1001 831 1031 882 et
1044 828 1137 898 lepide
1157 828 1296 882 Abrabam

153 912 231 966 Sena.
250 911 296 966 Pl.
306 929 336 979 p.
350 913 419 978 223,
432 915 502 964 reete
514 910 611 964 ‘bilari
624 909 676 976 (uel
686 909 782 978 potius
795 909 894 976 belaro)
908 909 1019 977 inperio
1033 909 1166 976 accipcrc'
1178 909 1295 962 reicieru.

153 992 193 1045 At
210 993 310 1059 suma,
327 992 449 1055 elocutio,
467 994 608 1045 structura
621 990 810 1043 demorutrant
823 1005 884 1042 cum
897 988 1040 1059 accipient
1052 990 1136 1043 etiam
1149 989 1185 1044 ab
1205 987 1294 1042 Vesin-

152 1072 197 1142 pio
222 1077 326 1141 recepto
350 1072 570 1141 coniunpendum
592 1086 646 1125 csse
668 1068 805 1137 pluralem
831 1067 915 1122 hilari
940 1067 1054 1138 ingenio
1080 1069 1134 1136 (ccl
1154 1068 1186 1123 iu
1211 1067 1295 1122 Genio

152 1189 210 1243 aa
230 1188 305 1243 Pers.
325 1192 389 1255 ros)
408 1194 432 1242 a
451 1186 562 1255 eupuu
580 1202 613 1239 a
629 1160 725 1252 upra}
748 1184 942 1239 aruanaum:
960 1186 994 1252 ογ.
1012 1183 1067 1241 cu.
1089 1184 1128 1239 aa
1147 1184 1207 1240 Aa.
1219 1183 1297 1238 xri

152 1273 178 1335 3,
199 1273 228 1321 1:
249 1268 388 1322 ‘conuiuis
405 1268 461 1322 tuis
476 1312 481 1323 .
495 1311 501 1323 .
513 1311 519 1323 .
533 1268 633 1321 hilaris
651 1272 675 1319 et
693 1266 758 1318 bone
775 1264 913 1334 acceptis'.

241 1361 302 1411 319.
331 1374 481 1411 mammam
501 1356 578 1410 adire
599 1360 662 1423 post
685 1355 853 1408 Lambinum
873 1355 992 1424 aliasque
1015 1356 1069 1423 def.
1090 1355 1235 1421 Κϊοὲεἰιισ,
1256 1355 1294 1409 ia·

153 1437 287 1505 eptissimc
300 1454 360 1492 cura
376 1437 483 1506 Ecquid
503 1435 558 1491 tibi
571 1435 669 1490 uideor
684 1436 867 1491 coniuratum.
896 1450 1027 1503 mamma,
1047 1432 1162 1490 madere
1176 1434 1296 1506 Scaliprr

154 1535 215 1571 cum
240 1518 296 1572 cod.
324 1517 500 1587 Sebobinpcri
521 1517 659 1583 refutante
681 1514 789 1569 Balleia.
832 1513 1070 1569 mammamedere
1093 1514 1296 1569 Studemundnc

150 1614 179 1665 p.
200 1602 237 1652 48
251 1614 289 1666 sq.
313 1599 348 1666 (et
372 1598 425 1652 tibi
448 1597 589 1666 uisdeorl).
635 1593 806 1648 mss-madere
831 1594 992 1665 Spenpeliue
1016 1593 1102 1660 ‘liet’
1121 1611 1150 1663 p.
1171 1597 1215 1648 51.
1234 1597 1297 1649 236.

153 1681 213 1731 262
224 1682 388 1746 anapaestos
403 1678 548 1732 admittens
558 1677 631 1743 (item
641 1674 794 1742 Klotaius).·
813 1680 843 1728 at
852 1677 886 1741 cf.
898 1673 975 1743 Capt.
982 1676 1075 1745 praes.
1080 1692 1111 1744 p.
1125 1674 1179 1727 XI
1185 1690 1225 1743 sq.
1235 1674 1296 1728 adn.

154 1747 326 1811 Solutionum
345 1759 491 1813 insolentia
510 1755 674 1811 balbutienti
692 1755 823 1809 conrasit.
855 1754 909 1809 tibi
928 1755 978 1810 del.
994 1754 1176 1809 Hermotimus
1193 1755 1295 1810 bezan

156 1837 245 1891 baccis.
265 1853 298 1890 ec
316 1853 341 1890 o.
361 1840 416 1890 318
425 1852 462 1905 sq.
483 1835 609 1901 efficiens.
647 1833 690 1886 De
708 1833 775 1903 (Vbi
794 1838 844 1889 ube
862 1832 948 1888 hilari
965 1832 1080 1903 ingenio
1100 1836 1131 1889 eb
1143 1833 1239 1904 lepide
1252 1852 1296 1889 ac·

154 1915 280 1984 cipibnt.)
300 1914 400 1982 ecquid
414 1917 424 1984 ΙΙ
438 1913 502 1968 Tibi
520 1913 619 1968 uideor
637 1915 930 1971 mimum-madere
948 1915 1049 1985 sopitat
1068 1915 1229 1984 Seyffertus.

243 2010 295 2058 320
304 2020 341 2073 sq.
361 2006 484 2058 moratus
499 2003 595 2057 uiuere
609 2001 731 2056 debebas
748 2004 929 2059 (lamerama
957 2005 1084 2057 moratus
1097 2004 1161 2058 tute
1176 2002 1297 2059 debebas

155 2085 267 2140 Parcus.
305 2103 383 2139 mora
408 2085 477 2138 tu’s:
505 2085 565 2137 tute
592 2083 714 2137 debebas
741 2084 870 2139 Kloteius
892 2101 922 2154 p.
942 2087 1004 2138 413.
1026 2087 1096 2150 536,
1114 2084 1198 2139 verba
1220 2101 1297 2139 sensu

154 2181 231 2220 cassa
245 2171 378 2233 rastroque
392 2167 545 2234 inconpruu
558 2162 738 2218 Callidamati
747 2165 913 2218 continuans
927 2166 988 2230 (aut
997 2163 1132 2217 morabi's
1142 2166 1295 2234 accipiente).

153 2248 277 2298 moratos
296 2244 366 2297 uita.
386 2243 508 2297 debebas
520 2244 689 2299 -Botlrius
726 2246 835 2298 murata
857 2246 901 2297 est
918 2244 986 2297 ulta.
1007 2242 1034 2296 C.
1055 2242 1186 2298 Debebue
1203 2276 1236 2284 —
1250 2246 1297 2310 (orl

154 2343 233 2380 mora
260 2324 313 2378 libi
340 2323 411 2391 uita)
440 2322 626 2378 Herrnannus.
663 2326 724 2380 tote
753 2325 1079 2390 moratusssetulta,
1109 2323 1235 2379 debebas
1261 2322 1297 2389 a,

154 2408 270 2462 addus:
291 2406 427 2474 ‘supplere
445 2405 476 2456 in
494 2403 565 2457 banc
584 2406 745 2460 sententiam
764 2405 867 2458 licebit:
887 2402 989 2458 Animo
1009 2402 1150 2459 moderbri
1167 2406 1210 2459 ccl
1227 2402 1296 2458 Vino

154 2485 304 2551 moderari,
329 2500 392 2537 mea
411 2486 481 2548 ulta,
506 2482 651 2537 debebas’.
691 2485 733 2552 Cf.
754 2485 868 2538 Olsenus
883 2500 912 2553 p.
932 2489 958 2539 8.
996 2485 1123 2538 Mbrstus
1143 2483 1234 2538 uitbm
1253 2483 1296 2539 de·

154 2568 240 2637 gebus
268 2567 429 2638 Spenpelius
455 2565 488 2618 de
515 2570 576 2618 aret.
599 2582 626 2632 p.
652 2570 691 2619 26
700 2581 737 2634 sq.
758 2564 909 2632 praemisso
936 2564 1001 2620 dim.
1025 2567 1087 2617 eret.
1115 2568 1141 2617 et
1168 2564 1297 2619 adinrsuo

153 2666 177 2700 o.
198 2652 256 2703 322
286 2649 374 2714 (item,
395 2647 441 2699 sert
464 2646 640 2713 anapaestico
663 2662 686 2698 o.
706 2648 762 2700 321
771 2661 810 2712 sq.
838 2643 923 2708 ‘Ilei'
942 2661 971 2712 p.
990 2648 1025 2697 49
1035 2659 1073 2712 sq.
1093 2646 1143 2712 66)
1166 2645 1297 2712 probante

154 2729 286 2795 Seyfferta
301 2743 330 2793 p.
350 2730 450 2793 2331,
475 2724 662 2778 Studemundo
678 2743 706 2793 p.
726 2729 777 2790 35,
802 2723 919 2778 Crainio
938 2725 997 2793 (qui
1014 2722 1226 2779 Mbmamedere

155 2805 276 2875 degebas
295 2811 381 2859 octou.
401 2806 483 2858 trocb.
503 2821 556 2858 esse
575 2806 682 2874 coluit),
701 2806 738 2858 al.
771 2805 894 2857 moratus
913 2802 1002 2858 uitam
1022 2803 1129 2873 agebas
1149 2803 1297 2859 Muellerus

153 2889 182 2953 (a
200 2885 431 2939 Ma·ma·madere
450 2890 535 2940 octon.
555 2887 638 2941 trocb.
658 2887 809 2953 incobans).
847 2887 972 2939 moratus
992 2882 1078 2951 uiuis,
1098 2883 1176 2939 haud
1194 2887 1237 2939 uti
1254 2886 1298 2941 de-

153 2964 239 3019 bebas
257 2966 394 3035 Buppius.
432 2981 507 3020 more
527 2967 583 3021 alio
602 2968 643 3020 uti
663 2966 785 3022 debebas
811 2966 963 3036 Vssinpius.
1002 2964 1071 3020 Vide
1084 2967 1177 3033 praef.

243 3059 302 3108 322.
324 3055 365 3120 Os.
385 3055 422 3107 ad
440 3072 464 3108 o.
483 3058 587 3124 3203q.
608 3086 641 3095 -
661 3055 714 3109 Vin
736 3072 789 3123 pro
808 3055 893 3110 Visne
912 3061 981 3110 recte
1005 3054 1178 3110 Schradcrus
1200 3057 1233 3110 de
1249 3067 1298 3108 -ae

149 3135 251 3204 partic.
267 3152 297 3202 p.
318 3137 354 3188 24
373 3135 479 3206 [238].·
498 3136 533 3200 es.
553 3136 700 3207 Seyffertus
718 3136 802 3191 Burs.
822 3136 927 3190 Annal
949 3134 1076 3189 XLVII
1085 3140 1176 3204 p27.
1193 3167 1225 3177 -
1240 3138 1297 3191 bute

149 3231 203 3283 pro
222 3218 253 3267 iu
274 3214 453 3268 Camerarius,
471 3247 503 3253 -
523 3214 601 3269 suisne
617 3218 669 3285 ego
684 3216 732 3269 ted
747 3233 779 3270 ac
795 3218 826 3269 tu
845 3233 889 3270 me
904 3216 1093 3284 amplectere?
1112 3214 1296 3271 Hemannus.

153 3292 239 3348 Visne
263 3296 314 3362 ego
338 3296 367 3347 te
392 3311 425 3348 ac
448 3298 479 3348 tu
499 3296 562 3349 med
581 3296 769 3365 amplectere?
794 3295 832 3349 u.
871 3296 955 3349 Visne
974 3298 1027 3366 ego
1050 3296 1079 3348 te
1099 3299 1187 3364 atque
1207 3300 1238 3350 td
1255 3314 1296 3351 me

154 3374 324 3443 amplectere
352 3374 584 3442 Vmpsenbaebiue
607 3376 697 3433 Melet.
719 3393 749 3444 p.
769 3381 814 3430 40.
852 3375 1036 3445 (Degebaei)
1053 3373 1149 3431 'visne
1175 3392 1230 3445 ego
1251 3375 1297 3430 ted

154 3471 186 3508 ac
205 3457 236 3509 tu
255 3455 319 3509 med
337 3455 526 3524 implectare?
545 3458 558 3512 l'
572 3457 749 3526 amplectere
765 3455 939 3510 Sclunleclius
954 3456 1033 3510 Stud.
1048 3456 1092 3509 Pl.
1105 3473 1135 3525 p.
1150 3460 1188 3511 43
1202 3457 1297 3528 [oeci

153 3534 238 3588 Visne
258 3536 310 3604 egb
328 3535 377 3590 ted
395 3552 428 3589 ac
446 3538 479 3589 tu
496 3552 540 3589 me
560 3537 728 3605 amplectite
748 3537 891 3605 Klotoius,
913 3538 1032 3591 actioum
1051 3553 1113 3590 cum
1136 3536 1241 3592 Weisia
1257 3539 1297 3591 de·

151 3615 264 3681 tendens
282 3617 402 3687 neplccta
419 3622 573 3671 structura:
592 3617 627 3682 ct.
642 3617 792 3688 Seyffertus
811 3617 897 3672 ‘Bcrl
908 3616 977 3686 pbil.
992 3616 1110 3673 liseur?
1128 3616 1184 3670 XI
1192 3635 1222 3687 p.
1232 3621 1295 3684 329,

152 3697 202 3751 ubi
219 3698 252 3751 ele
270 3697 430 3765 amplexare
454 3698 561 3764 capital.
588 3695 631 3749 De
649 3698 713 3751 etim.
732 3699 815 3753 troclt.
835 3698 972 3768 copitabat
992 3697 1153 3753 Muellerus.

243 3791 295 3840 323
304 3802 342 3854 sq.
361 3785 534 3854 Anapaestos
552 3802 620 3840 corr.
640 3785 757 3858 faneſtre]
777 3786 845 3841 licet
858 3793 882 3841 et
897 3785 985 3857 [apta
1000 3786 1124 3840 restituit
1138 3785 1296 3856 Spcnpelius

154 3867 240 3933 ‘Ilei’
257 3885 287 3935 p.
308 3872 343 3920 50
370 3867 437 3920 duce
465 3863 591 3930 Orainio,
616 3868 665 3935 qui
688 3866 772 3920 Visne
864 3865 909 3920 fac
933 3864 1008 3920 licet.
1028 3864 1187 3934 lLepide’s
1213 3872 1294 3923 aelon

152 3949 235 4001 troclr.
255 3964 308 4001 esse
330 3946 424 4000 colerit.
454 3946 496 4011 Cf.
516 3945 643 3999 Kloteius
661 3963 690 4014 p.
710 3951 768 4001 296
782 3947 857 4014 adn,
878 3950 939 4000 419.
976 3944 1068 3999 facere
1091 3943 1230 4016 licebitl.
1248 3947 1294 4000 Le·

152 4025 251 4094 pide's.
290 4024 387 4098 (Sed>
406 4025 476 4079 duce
495 4044 539 4079 me
559 4027 667 4080 amabo.
681 4029 691 4095 ΙΙ
704 4028 737 4080 Ι).
757 4026 884 4080 Causae
904 4025 1003 4079 cades:
1023 4027 1084 4080 usis
1105 4026 1265 4080 Muellerus.

242 4121 302 4169 326.
322 4115 364 4168 Oh
389 4115 433 4167 oh.
471 4116 575 4168 ocellus
599 4116 628 4168 es
651 4132 729 4169 meus
751 4114 794 4183 Ἡ,
820 4115 960 4170 Klotzius.
997 4114 1037 4168 At
1057 4115 1091 4180 cf.
1112 4113 1293 4185 Kicsslimpius

152 4196 237 4248 Aual.
259 4196 301 4249 Pl.
318 4213 347 4264 p.
369 4200 411 4258 10,
431 4195 574 4249 Ilicluerus
593 4199 623 4248 in
642 4195 760 4250 Studem.
781 4196 860 4250 Stare.
875 4196 897 4248 I
907 4213 937 4265 p.
957 4199 1022 4260 605,
1040 4196 1077 4250 bl.

240 4281 300 4328 326.
320 4279 349 4327 ln
376 4275 421 4328 uia
447 4276 595 4328 accumbas
622 4276 650 4329 Ii
676 4293 736 4331 cum
759 4278 901 4345 plerisque.
939 4273 970 4328 in
995 4276 1042 4327 ula
1065 4275 1219 4330 accumbas
1236 4292 1290 4331 cum

154 4350 287 4407 Muellcro
311 4355 470 4422 b'prenpelius
490 4355 575 4419 ‘Ilei'
592 4374 622 4424 p.
643 4361 724 4424 eosq.
746 4361 806 4410 106.
831 4360 889 4410 236
908 4356 987 4421 adn,
1010 4355 1093 4409 etiam
1112 4373 1136 4410 a.
1156 4360 1219 4412 327.
1239 4359 1289 4411 329

152 4435 342 4500 anapaesticus
359 4434 465 4499 sacieru
484 4435 575 4503 (aliter
593 4438 657 4490 olins
671 4438 703 4490 de
717 4442 778 4492 oret.
795 4453 824 4505 p.
839 4441 921 4505 Ibsq.
936 4441 977 4492 22
992 4439 1017 4491 ct
1032 4435 1064 4489 Τ.
1080 4436 1122 4492 Μ.
1136 4436 1171 4494 Ρ.
1181 4454 1212 4508 p.
1226 4439 1287 4492 122:
