2910 5528
252 336 302 390 XX
715 336 923 393 PRAEFATIO

254 501 421 583 expleatur
436 496 534 585 (unde
550 501 695 565 conicere
709 503 815 583 possis
827 501 916 565 velut
931 511 1258 575 ssssroaonnunronruus
1272 502 1397 581 fuisse).

253 607 366 692 Neque
390 630 470 691 quos
495 608 615 689 primos
639 605 815 688 Seyffertus
840 609 949 691 posuit
972 629 1083 673 versus
1111 611 1324 694 responsione
1347 632 1397 674 ca-

253 720 326 779 rent
355 737 475 780 omnes.
517 714 603 777 Nam
631 737 703 779 cum
731 738 760 779 v.
780 714 843 779 629
872 716 989 778 lacuna
1018 723 1094 798 post
1116 718 1214 782 eredit
1236 715 1314 802 (pro
1338 738 1399 782 cre·

253 817 411 906 dit<um>)
436 820 659 905 coniungenda
688 824 738 885 est
766 844 794 885 v.
809 822 872 885 609
902 821 1133 906 discrepantia,
1161 823 1219 888 uhi
1241 824 1399 908 runc(pro

253 925 553 1010 rr<su>xo)nmsa1s
575 927 608 989 A
635 927 748 1011 habet,
772 932 884 992 contra
908 926 972 993 01)
1001 949 1084 992 reone
1110 950 1159 994 me
1186 935 1221 994 tu
1248 932 1332 1009 istis,
1365 930 1400 994 B

254 1057 330 1112 vero
353 1055 436 1098 ricino
459 1055 507 1097 me
529 1039 563 1097 16
586 1036 660 1099 tram:
684 1035 767 1099 unde
791 1035 935 1118 suspicor
958 1035 992 1098 in
1010 1035 1117 1100 medio
1136 1057 1232 1100 versu
1256 1035 1329 1123 (ubi
1353 1056 1400 1097 66

254 1142 346 1206 deest
371 1142 442 1205 loeo
466 1137 625 1225 congruo)
652 1140 818 1204 'abscissas
842 1141 941 1204 fuisse
963 1160 1011 1200 1sr
1034 1140 1176 1225 litteras,
1200 1163 1283 1226 quae
1311 1145 1399 1206 recte

254 1250 421 1333 supplet-ae
445 1249 510 1312 sint
533 1248 567 1311 iu
591 1247 737 1312 codicum
761 1247 825 1313 01>
848 1248 1035 1333 archetypo,
1056 1270 1129 1312 eum
1154 1248 1188 1312 B
1210 1248 1318 1332 <ta>is
1342 1270 1399 1332 po·
1431 1239 1436 1248 ’

253 1357 319 1422 tius
343 1356 542 1440 suppleverit
565 1377 769 1440 nequaquam
793 1357 910 1438 inepte.
943 1355 1044 1419 Porro
1068 1356 1217 1420 versibus
1236 1355 1312 1420 624.
1332 1355 1399 1420 625

254 1487 292 1528 cx
321 1463 441 1527 tradito
470 1485 619 1526 versuum
652 1462 762 1525 ordine
791 1461 990 1545 respondent
1014 1485 1041 1526 v.
1060 1462 1134 1527 607.
1157 1462 1238 1545 608,
1262 1484 1398 1547 quorum

253 1572 342 1656 prior
365 1591 493 1634 versum
522 1569 641 1633 claudit
669 1591 726 1652 per
749 1569 848 1634 belum
870 1592 928 1653 pro
952 1569 1161 1647 16666666
1186 1568 1327 1633 defectui
1352 1590 1398 1633 re-

252 1675 498 1760 spondebimus,
523 1678 550 1740 si
575 1699 648 1740 cum
677 1675 835 1759 Seyfferto
863 1676 957 1741 initio
983 1699 1010 1741 v.
1031 1677 1097 1741 624
1124 1677 1170 1740 At
1196 1676 1400 1760 supplemus:

251 1789 365 1848 eontra
393 1806 418 1849 v.
440 1785 503 1850 608
534 1784 595 1847 etsi
623 1785 658 1847 in
679 1782 714 1847 B
742 1785 865 1868 optime
888 1784 1047 1868 procedit,
1074 1790 1184 1848 tamen
1206 1782 1400 1868 notandum,

252 1892 337 1976 quod
360 1889 440 1955 oin
465 1891 567 1954 medio
588 1912 682 1955 versu
705 1896 765 1978 qud
788 1913 858 1954 cum
884 1891 992 1974 spatio
1013 1890 1153 1971 exhibet,
1176 1888 1233 1953 ubi
1251 1888 1287 1954 D
1303 1911 1399 1972 qarom

250 1998 350 2062 habet
368 2019 427 2081 pro
445 2018 541 2079 quern.
571 1997 660 2072 Quae
675 2019 746 2061 eum
765 1997 813 2060 ita
832 1998 907 2078 sint,
925 2019 966 2080 qu
984 1996 1033 2061 vel
1048 2018 1068 2079 q
1086 2001 1215 2062 tantum
1235 1997 1270 2061 in
1289 1997 1399 2061 arche·

250 2111 331 2187 typo
350 2105 497 2168 relictum
517 2105 618 2168 fuisse
636 2108 725 2187 puto,
745 2104 827 2167 unde
846 2109 932 2167 recte
951 2124 1040 2185 quem
1053 2104 1096 2182 B,
1114 2103 1209 2168 initio
1230 2125 1306 2193 que,
1325 2103 1397 2167 dein

250 2217 309 2299 qap
337 2210 370 2296 (i.
391 2233 416 2274 e.
440 2208 543 2296 quent)
572 2210 609 2293 Ο,
637 2210 774 2293 denique
801 2231 896 2291 qaam
924 2210 958 2275 D
986 2211 1186 2295 suppleverit
1215 2207 1270 2296 (ut
1297 2233 1399 2295 supra

251 2317 387 2381 vidimus
414 2341 442 2380 v.
463 2318 527 2381 742
551 2318 583 2380 iu
602 2316 670 2381 BG
689 2322 775 2381 recte
799 2317 984 2382 restitutum
1008 2339 1079 2383 esse
1103 2323 1137 2382 et
1160 2316 1227 2381 alia
1253 2317 1333 2381 alibi
1358 2319 1398 2380 si-

251 2425 399 2508 militer):
433 2424 518 2508 quod
547 2425 574 2488 si
598 2446 709 2488 verum
738 2430 801 2507 est,
825 2426 924 2488 etiam
953 2448 980 2489 v.
1000 2425 1065 2491 625
1093 2423 1237 2489 delectus
1271 2447 1398 2489 summa

251 2552 323 2595 eum
348 2530 581 2614 probabilitate
605 2531 709 2594 medio
730 2531 835 2595 versui
859 2532 1024 2613 tribuitur,
1047 2529 1101 2595 ubi
1125 2552 1147 2595 o
1169 2536 1197 2595 te
1219 2531 1271 2594 vel
1294 2537 1398 2615 opste

250 2638 335 2700 iuter
358 2637 400 2701 Ia
420 2637 493 2701 ‘reolo
516 2639 577 2701 dici
600 2638 678 2700 arilei
701 2644 733 2700 et
755 2639 790 2701 id
811 2659 859 2702 rue
880 2639 958 2702 scire
979 2643 1081 2719 expeto
1103 2638 1226 2721 optime
1250 2638 1397 2722 quadrat.

250 2742 288 2806 In
311 2743 458 2807 versibus
487 2744 673 2808 616-620
701 2744 783 2807 nihil
808 2745 897 2809 deest
928 2768 954 2810 v.
974 2746 1037 2809 617
1067 2766 1172 2828 neque
1199 2768 1229 2810 v.
1250 2746 1316 2810 618
1345 2745 1396 2809 de

248 2851 353 2914 fectus
377 2849 486 2932 (lamala
504 2849 589 2935 <te>)
613 2872 715 2933 neque
735 2874 761 2914 v.
778 2852 843 2915 620
868 2852 982 2915 menda
1005 2851 1068 2915 huc
1091 2855 1254 2934 spectant:
1277 2874 1307 2917 v.
1323 2853 1396 2931 619,

250 2957 304 3040 qui
332 2956 448 3040 incipit
476 2957 518 3020 ab
548 2957 606 3021 Odi
633 2980 692 3040 pro
726 2957 889 3042 Obi<cerc>
918 2958 1053 3042 tradito,
1082 2958 1252 3043 oppositus
1280 2962 1333 3022 est
1360 2980 1397 3021 ex

248 3063 367 3126 tradita
397 3086 543 3126 versuum
573 3066 654 3128 serie
684 3088 711 3127 v.
732 3065 850 3148 64415,
873 3065 906 3128 iu
936 3087 999 3148 quo
1028 3064 1178 3130 mendum
1207 3065 1297 3130 vocis
1325 3086 1397 3149 pae-

249 3169 407 3232 nultiruae
431 3191 571 3234 canorem
595 3170 733 3234 fortasse
753 3172 863 3255 aliqua
881 3171 1008 3235 ratione
1029 3193 1101 3236 cum
1120 3171 1179 3236 illo
1199 3172 1396 3236 detrimento

250 3273 409 3339 cohaeret.
448 3274 540 3350 Quod
564 3298 639 3340 vero
663 3298 690 3340 v.
710 3277 774 3341 616
800 3277 932 3341 ultimus
955 3300 1012 3361 pes
1037 3278 1126 3342 deest
1144 3275 1291 3364 (meam),
1314 3279 1396 3343 nihil

250 3402 327 3443 saue
350 3381 502 3464 congruit
524 3383 670 3447 inversu
694 3385 844 3468 opposito
865 3380 974 3469 (639):
998 3385 1053 3448 sed
1073 3384 1214 3449 fortasse
1233 3386 1280 3449 ita
1300 3387 1397 3450 collo

249 3488 312 3550 cati
337 3493 429 3551 erant
452 3490 585 3573 senarii,
609 3495 645 3553 ut
666 3490 746 3554 fines
770 3512 920 3554 versuum
945 3491 976 3553 in
1001 3491 1121 3576 pagina
1144 3495 1236 3556 reeta
1258 3514 1395 3557 vacuum

248 3594 390 3678 spatium
415 3596 449 3658 in
472 3597 592 3679 pagina
616 3619 728 3660 aversa
751 3597 957 3682 attingerent.

336 3701 437 3766 l’orro
459 3725 496 3766 ex
519 3708 612 3785 parte
633 3708 776 3766 extrema
795 3704 924 3767 fabulae
943 3708 1029 3768 reete
1049 3705 1114 3767 iam
1134 3702 1316 3787 Seyffertus
1337 3706 1395 3770 hoa

248 3811 332 3874 inter
357 3833 390 3873 se
416 3831 526 3873 versus
551 3812 702 3873 contulit:

270 3938 321 3983 9:¹10

290 4012 1238 4085 nos11rcsamonacrissanunnsonasimmaaruisc<ru>nnn1aus

270 4106 320 4153 972

286 4182 890 4254 alannarranssssaffluonnouas<sa>naootl
900 4188 1330 4255 1napnmnuas1umoummr*,

334 4377 360 4442 *p
384 4375 477 4429 Etiam
498 4396 521 4431 v.
538 4384 587 4431 937
608 4396 641 4431 aa
660 4395 692 4431 ex
713 4381 738 4432 Α
758 4379 888 4431 accessit:
907 4379 992 4447 idque
1011 4380 1107 4446 potest
1125 4379 1229 4434 saltem
1248 4383 1397 4439 conciliari

246 4474 307 4507 cum
324 4456 378 4509 loci
394 4456 515 4523 oppositi
531 4460 697 4526 corruptela,
713 4459 760 4512 ubi
772 4460 799 4511 P
811 4479 837 4514 v.
851 4466 902 4512 965
917 4463 1044 4525 nostrat,
1062 4459 1178 4513 exhibet
1191 4477 1244 4529 pro
1260 4469 1399 4531 nostrati.
