2910 5528
148 326 212 390 134
623 322 809 378 APPume
1149 328 1265 379 sse-us

148 504 220 541 nunc
238 485 263 542 is
281 489 316 553 (et
334 485 467 541 Dbmum:
487 485 529 539 uti
547 484 623 539 dbmi
643 484 707 553 sim)
726 482 770 552 u,
788 485 837 538 ubi
855 484 943 553 ergod
960 484 985 538 ir
1004 500 1078 539 nuuc
1095 490 1270 549 6666666666,

147 584 204 623 non
227 569 395 623 commendat
413 566 549 636 Berytius
569 565 680 620 ‘Betim'
697 582 727 634 p.
742 568 779 618 78
797 565 868 633 (ibid
881 581 912 633 p.
927 570 964 620 66
986 580 1046 619 non
1064 565 1221 635 improbans
1234 564 1271 618 sb·

148 648 216 715 quid
238 665 263 703 6.
282 649 357 714 192).
395 646 472 701 Mate
490 646 610 713 percutit
628 645 758 699 Kioteins
775 661 806 713 p.
825 649 889 699 160.
927 644 970 711 Os.
994 643 1128 700 Orcinius
1145 644 1224 701 senc
1240 644 1273 698 Pl.

145 744 175 795 p.
195 733 239 781 16.
278 727 401 781 Ceterum
419 744 444 781 6.
465 730 513 778 191
534 726 566 778 66
580 740 635 793 pro
653 722 696 778 uti
715 727 756 793 (ut
773 741 797 779 6.
818 727 882 791 190)
902 723 1067 796 Seyffertus:
1086 726 1121 792 ss.
1140 726 1177 781 A

238 811 298 862 194.
317 805 439 859 indicem
463 821 517 874 pro
544 803 667 858 iudicem
692 803 810 858 Pistoris
836 805 901 873 (quo
927 811 1033 874 recepto
1060 821 1113 875 pro
1138 804 1195 860 fido
1220 821 1275 862 corr.

149 886 293 954 Botbius):
319 901 372 955 quo
398 900 456 939 non
480 885 541 939 tolli
563 883 754 938 obscuritatem
775 885 924 939 6666666166
945 885 1053 940 monuit
1076 883 1116 939 66.
1153 883 1277 940 urbium

149 968 286 1035 Berytius
306 967 404 1034 Opuec.
423 965 445 1018 1
455 982 484 1033 p.
506 970 570 1019 679.
598 965 697 1034 pudice
716 961 749 1019 fl
772 964 831 1019 coit.
851 963 931 1021 Cure.
951 969 1009 1020 688
1028 966 1072 1032 (ut
1094 964 1158 1020 ‘err'
1179 980 1212 1021 ec
1228 966 1279 1034 ‘tie

150 1047 223 1101 eriti'
242 1063 294 1115 pro
312 1047 430 1100 subiecto
442 1046 518 1113 sint).
545 1045 643 1099 Totum
656 1045 744 1098 iocum
760 1043 905 1113 Vesinyius
917 1044 1059 1099 honestius
1071 1061 1156 1115 quam
1168 1045 1280 1116 6666666

150 1127 277 1195 explicat.
315 1124 484 1180 Hariolatur
501 1123 686 1190 Ijsendijtsins
701 1141 729 1191 p.
749 1127 794 1178 20.

245 1211 304 1260 196.
331 1205 428 1260 Totum
450 1223 475 1260 6,
497 1205 608 1258 Temo
630 1204 810 1258 continuabat
834 1202 1029 1260 Submiederus.
1050 1234 1084 1245 -
1111 1204 1162 1259 Set
1186 1208 1218 1260 tu
1240 1205 1282 1259 666

151 1287 263 1342 tubulus
281 1285 318 1340 uc
351 1287 390 1340 At
412 1287 463 1340 666
482 1284 604 1339 66661166
623 1284 744 1339 Briuius
762 1283 879 1339 Emend.
900 1283 945 1338 Pe
968 1284 1010 1339 66.
1032 1303 1060 1338 a.
1082 1289 1156 1341 1854
1172 1290 1281 1355 61466.

152 1366 188 1419 Et
206 1368 257 1421 666
276 1366 397 1420 tabellas
417 1366 570 1420 Muellerus
584 1365 661 1419 Pras.
677 1380 708 1432 p.
724 1366 780 1417 392
791 1378 829 1432 sq.
843 1363 979 1431 probante
997 1362 1151 1420 6666616616
1168 1365 1202 1420 de
1214 1380 1283 1433 pron

151 1447 218 1500 dem.
233 1463 263 1515 p.
284 1450 317 1499 61
324 1466 332 1496 .·
355 1446 405 1499 ubi
429 1442 485 1497 866
507 1443 559 1497 666
583 1442 637 1508 def.
657 1442 862 1497 Studernumdue
880 1443 985 1498 Aneiai.
1003 1444 1073 1512 pbri.
1093 1443 1242 1513 6111116.
1254 1449 1282 1499 tt

153 1525 332 1594 Xtoteiusque
345 1541 375 1593 p.
396 1529 440 1580 70.
479 1525 651 1594 Quamquam
673 1522 768 1576 metim
791 1520 846 1575 Sed
865 1523 909 1589 tu,
933 1521 1090 1590 Paegnium
1109 1524 1162 1578 666
1179 1523 1284 1580 tabatha

152 1620 209 1658 non
228 1609 342 1673 propter
366 1605 574 1672 correptiones,
597 1596 644 1656 sed
665 1603 698 1656 66
722 1604 881 1657 continuam
899 1604 1105 1659 bawuariorum
1122 1604 1217 1659 seriem
1232 1609 1285 1659 ante

153 1685 307 1738 clarentum
324 1700 348 1737 o.
365 1689 416 1738 197
434 1684 527 1753 (quam
550 1683 647 1737 inutili
664 1682 851 1737 additamento
869 1688 984 1738 removet
1003 1683 1284 1754 16666116166620·

153 1765 214 1820 6166
229 1764 339 1832 praefi).
360 1794 393 1802 -
416 1763 447 1818 V.
469 1769 518 1818 196
536 1761 747 1816 Lemniselenis
767 1762 954 1817 Gamncrius:
971 1763 1033 1818 cide
1049 1765 1142 1832 praef.

246 1848 306 1897 198.
325 1842 386 1897 Eon
405 1849 475 1912 ego?
494 1843 656 1912 Spenpeiius
670 1840 757 1907 ‘Rei'
773 1859 804 1910 p.
820 1845 886 1908 387,
903 1858 961 1897 non
978 1848 1048 1898 recte
1062 1848 1128 1912 poet
1146 1841 1200 1898 Abi
1213 1842 1284 1897 modo

153 1943 179 1978 6.
200 1927 263 1977 195.
301 1925 343 1990 Os.
363 1924 505 1978 Xioteium
520 1939 548 1990 p.
568 1926 622 1976 116
639 1927 665 1976 et
682 1921 743 1976 vids
757 1921 848 1990 praef.

243 2008 303 2058 290.
322 2004 393 2058 6666
411 2018 482 2071 quus
502 2005 562 2071 (om.
583 2005 635 2070 666)
653 2001 878 2058 0666666166·-
892 2000 933 2054 mi
951 2001 1102 2057 eduorum
1117 2002 1285 2071 lirendirtiss

150 2101 180 2152 p.
196 2087 284 2137 68-
301 2081 343 2149 Of.
358 2084 481 2138 Baebius
499 2084 531 2136 in
550 2083 670 2136 Studem.
686 2080 766 2136 Stud.
782 2081 823 2134 ΙΙ
833 2098 863 2150 p.
878 2085 937 2138 200
954 2080 1158 2153 Seyffesiusque
1174 2084 1205 2138 in
1216 2081 1284 2137 8666.

155 2163 200 2216 Pi.
215 2181 244 2231 p.
264 2168 302 2217 27
321 2164 385 2218 666.
405 2168 429 2216 ct
448 2162 532 2217 Burs.
552 2163 658 2216 Aunal.
678 2160 800 2215 LXIII
815 2178 844 2229 p.
859 2166 895 2215 15
912 2160 975 2229 (666
994 2160 1058 2230 quis
1076 2161 1149 2218 haic
1166 2166 1209 2217 666
1225 2176 1285 2230 quse

155 2259 199 2295 me
218 2242 248 2296 111
266 2260 328 2297 cuns
345 2244 430 2311 abiis).

244 2328 304 2375 202.
324 2338 385 2376 6666
407 2320 492 2375 hodie
516 2320 569 2376 hoc
587 2321 668 2390 peior
686 2318 848 2390 perhibetur
866 2337 952 2391 puero
973 2322 1104 2393 Pylades.
1138 2340 1197 2379 6666
1214 2321 1284 2377 hodie

155 2401 235 2471 peior
253 2401 306 2455 hos
326 2399 489 2471 perhibetur
507 2418 594 2470 puero
617 2400 744 2455 Weesius.
780 2415 866 2468 puero
885 2400 939 2455 hoc
956 2401 1037 2471 peior
1055 2419 1118 2458 6666
1136 2402 1285 2472 661116661-

157 2480 272 2535 hibetur
289 2480 327 2535 ti.
361 2497 421 2535 6666
445 2480 528 2535 hodie
552 2481 606 2536 hoc
628 2498 714 2550 puero
738 2479 818 2551 peior
840 2479 998 2551 perhibitur
1015 2484 1078 2552 (sic)
1097 2484 1286 2539 Kretsebmerue

157 2563 209 2631 Qu.
232 2562 278 2615 Pi.
303 2562 344 2616 66.
369 2565 487 2616 61863
508 2579 536 2629 p.
556 2566 603 2616 32.
641 2560 725 2614 hodie
752 2560 832 2630 peior
860 2577 946 2631 puero
974 2579 1036 2617 6666
1060 2562 1114 2618 666
1138 2562 1286 2634 perhibetur

157 2642 317 2711 &perpetius
337 2640 423 2707 ‘Rei’
442 2657 469 2708 p.
489 2644 545 2696 142
565 2642 629 2695 666.
663 2656 724 2694 6666
746 2639 831 2695 hodie
857 2640 911 2694 hoc
934 2642 1099 2710 perhibetur
1117 2660 1205 2713 puero
1221 2642 1286 2712 peior

160 2723 210 2787 (661
229 2736 299 2789 puer
316 2718 396 2789 peior
415 2718 588 2789 perhibetur)
607 2718 647 2776 E.

246 2805 306 2853 203.
331 2797 593 2852 Commorcndumst
615 2799 786 2867 Saracenus,
811 2802 877 2855 aiii:
906 2803 978 2871 quad
999 2808 1113 2871 praeter
1136 2802 1287 2872 Lanuenses

154 2881 311 2949 probarunt
339 2895 435 2932 omnes.
456 2908 489 2918 -
509 2880 583 2948 apud
611 2881 684 2934 huno
711 2879 822 2934 obicem
849 2880 945 2947 Vatia,
972 2881 1058 2937 Pius:
1085 2888 1168 2952 atque
1194 2881 1287 2936 obicem

155 2964 300 3014 tenuerunt
323 2959 380 3023 fere
398 2972 486 3012 omnes
505 2963 570 3027 (pro
588 2977 640 3028 quo
658 2959 787 3014 inebrum
806 2960 903 3015 Densa
927 2962 1041 3030 inepte),
1068 2963 1138 3018 adeo
1161 2967 1192 3017 ut
1216 2960 1286 3015 uu

157 3040 263 3107 Prolep.
274 3055 304 3107 p.
320 3037 452 3090 LXXX.
469 3038 620 3092 ΟΟΟΧΧΙ
625 3039 652 3094 V
662 3041 712 3095 boc
725 3045 864 3107 tamquam
878 3045 980 3095 certum
993 3043 1147 3111 exemplum
1160 3044 1288 3112 opponeret

158 3119 264 3171 Pbocce
278 3122 423 3186 praecepto
437 3135 467 3186 p.
483 3122 546 3186 428,
560 3123 600 3174 28
614 3120 651 3173 Κ.
672 3120 716 3174 ‘in
734 3120 873 3188 sirsyutori
886 3136 999 3175 numero
1012 3122 1169 3179 abbatianos
1183 3122 1285 3180 tantun’

158 3198 292 3264 essurpari
304 3197 387 3250 buius
400 3199 521 3252 nominis
534 3199 666 3253 testantis.
696 3197 738 3264 of.
753 3199 835 3252 etiam
849 3199 1013 3254 Duebnerus
1026 3202 1058 3255 in
1068 3203 1160 3257 chni
1168 3205 1240 3258 Arm
1251 3199 1289 3255 II

154 3295 184 3347 p.
199 3280 261 3330 336.
290 3276 338 3329 Ao
356 3293 461 3331 uersum
476 3279 639 3347 expleudum
652 3278 698 3332 hic
713 3276 784 3332 mihi
798 3278 874 3348 apud
888 3277 916 3331 h.
932 3294 958 3333 6.
971 3284 1115 3350 temptauit
1130 3282 1287 3339 Camerarius

157 3359 190 3411 in
208 3373 289 3422 ann,
307 3356 365 3409 iam
385 3356 455 3410 mihi
474 3375 497 3412 6.
518 3358 545 3413 h.
564 3375 591 3413 6.
610 3358 654 3426 R,
673 3376 698 3413 6.
717 3359 746 3413 6.
766 3356 950 3414 6616666616.
970 3360 1134 3432 Spenyeiius
1156 3364 1186 3421 Τ.
1207 3365 1246 3419 u.
1262 3360 1286 3415 Ρ.

155 3455 184 3506 p.
204 3439 254 3503 42,
277 3435 380 3505 gradus
404 3436 474 3490 mihi
498 3455 522 3493 6,
544 3439 570 3491 6.
590 3457 614 3494 6.
639 3439 788 3511 Lonpenus
812 3439 924 3494 ‘Beitn'
941 3456 971 3508 p.
990 3445 1054 3497 180.
1074 3472 1109 3483 -
1128 3442 1204 3514 apud
1221 3444 1285 3497 6666.

159 3515 264 3570 6616616
281 3532 388 3570 morum
413 3516 558 3586 Vesinpius
576 3518 733 3588 obloquente
752 3535 859 3580 censore
878 3519 957 3589 ‘ptuit
976 3519 1060 3575 Ans!
1077 3522 1183 3578 XVII
1196 3542 1223 3594 p.
1235 3524 1284 3578 lit.

163 3597 232 3650 Vide
246 3598 339 3665 praes.

248 3681 310 3730 206.
329 3680 392 3729 me?
410 3680 521 3730 utrum?
541 3674 592 3732 ΡΑ.
613 3676 707 3731 hercle
724 3679 820 3733 nescio
837 3679 1027 3750 Camerarius,
1045 3683 1143 3740 666616
1160 3698 1285 3740 sumerset

159 3757 272 3827 meroe.
301 3753 385 3808 med?
404 3757 514 3809 utrum?
538 3755 592 3809 ΡΑ.
611 3753 711 3809 Hercle
730 3758 760 3811 te
779 3760 816 3825 (et
835 3759 865 3814 Si
883 3759 926 3815 uti
945 3761 1065 3831 dignu's)
1085 3765 1211 3821 Botbiue.
1236 3766 1284 3817 ue?

158 3837 210 3890 ΡΑ.
230 3837 323 3889 utrum
343 3836 385 3901 te,
405 3834 498 3888 hercle
517 3833 633 3889 6666616
651 3835 680 3888 u
695 3838 832 3904 probante
850 3839 1028 3910 Sipisrnundo
1046 3842 1080 3897 66
1099 3854 1182 3895 uero
1201 3841 1282 3912 past.

153 3931 185 3982 p.
201 3920 259 3970 260
273 3915 338 3968 666.
358 3915 458 3982 (formu
475 3915 642 3983 quaestionis
661 3915 696 3969 ab
716 3918 872 3986 6661661666
889 3935 942 3973 usu
960 3920 1063 3988 aiieisc,
1081 3927 1114 3976 ut
1131 3923 1207 3989 616).
1235 3923 1282 3972 ue?

157 3993 207 4047 Pu.
234 3995 327 4046 utrum
350 3991 444 4047 hercle
467 3993 507 4048 616
531 3994 609 4047 lubet
635 3994 792 4064 Vssinpius:
820 3999 892 4066 quod
919 4004 992 4052 stare
1011 4003 1114 4069 possit,
1138 4003 1164 4055 si
1185 3995 1281 4055 666611

159 4071 265 4140 Ecquid
280 4089 335 4140 pro
355 4072 428 4137 Quid
446 4090 571 4143 reponas.
613 4073 682 4129 Vieie
697 4077 787 4144 praef.

246 4158 305 4205 210.
326 4150 397 4216 Quoi
412 4171 467 4221 pro
487 4152 560 4219 Quid
580 4155 625 4223 (cf.
643 4159 813 4225 responsum)
833 4157 990 4228 Seyffertrn.

247 4237 307 4286 219.
328 4231 407 4286 Heia„
433 4233 480 4288 Se.
499 4232 579 4288 Heia.
603 4232 655 4288 ΡΑ.
675 4234 733 4289 Tuo
752 4234 783 4290 B
801 4238 905 4293 adderu
925 4238 993 4293 ‘non
1014 4244 1085 4294 roete
1106 4234 1216 4294 11616-
1226 4233 1276 4290 uec·

158 4308 355 4365 Lacbmannns
376 4314 409 4365 in
432 4312 515 4368 Lusr.
536 4332 568 4382 p.
587 4319 642 4368 164
648 4356 658 4382 ,
681 4321 777 4372 contra
800 4335 877 4387 quem
899 4319 956 4373 iam
978 4319 1105 4374 dicerem
1127 4320 1199 4374 Prot.
1217 4314 1275 4371 uin
1323 4332 1325 4363 1

153 4403 183 4454 p.
206 4386 306 4442 OXO'.
349 4389 389 4455 Of.
420 4408 480 4445 6666
508 4394 669 4466 Spenpelius
693 4394 725 4448 Τ.
744 4396 785 4452 Μ.
808 4396 841 4452 P.
863 4415 891 4466 p.
912 4403 971 4454 219
998 4404 1023 4452 et
1047 4399 1196 4454 Muellersu
1216 4397 1274 4450 Pru
