2910 5528
155 714 261 764 sss-83
638 704 823 761 APPENDIX
1245 706 1308 771 155

153 872 252 940 maid,
267 872 310 927 tie
325 870 427 941 poterit
445 870 480 925 oh
494 869 591 927 initio:
610 865 682 933 Quid
697 869 741 922 eet
754 867 828 935 qued
843 867 933 921 tame
948 867 1034 921 nunc’
1054 865 1091 923 R
1109 898 1141 906 -
1160 865 1233 933 Quid
1247 868 1307 922 est?

154 949 225 1021 quid
244 951 311 1007 oiim
328 949 544 1020 distinquehant.

247 1037 292 1087 71.
311 1029 385 1085 Dum
402 1029 512 1084 interea
531 1027 579 1096 eis,
600 1028 637 1084 sit
650 1029 727 1084 istud
745 1030 885 1084 actutum:
906 1031 966 1083 sino
981 1030 1155 1099 interpunxit
1170 1029 1298 1085 Muretus

158 1108 202 1180 Cf.
221 1110 349 1166 Bactrius
366 1111 400 1164 in
418 1109 538 1165 Studes.
558 1109 639 1164 Stud.
657 1111 698 1164 II
711 1126 740 1180 p.
760 1113 825 1165 382.
1147 1109 1148 1112 ’

246 1194 291 1246 71.
323 1188 368 1245 Ita
384 1189 417 1244 fit
435 1188 479 1245 rt.-
502 1189 631 1258 ‘quondo
653 1187 696 1244 Ita
715 1205 745 1243 es
768 1207 824 1245 non
841 1191 911 1246 satis
926 1191 1042 1259 piocet’.
1080 1191 1206 1245 Itanon?
1229 1190 1309 1261 Seps·

152 1274 244 1340 satus
270 1271 371 1326 Phitoi.
392 1269 510 1323 XXIX
527 1286 557 1339 p.
578 1274 649 1327 392.-
675 1275 725 1325 aut
749 1271 789 1325 sio
814 1276 863 1325 aut
888 1270 987 1325 Itane?
1014 1270 1165 1340 Lanpenus
1189 1270 1305 1327 ‘netu’

246 1437 290 1486 73.
309 1430 414 1485 Venire
432 1430 507 1498 quod
525 1431 558 1484 tu
571 1430 653 1498 nolis,
673 1449 759 1501 quam
773 1430 839 1486 illut
853 1432 928 1501 qaod
946 1434 1026 1502 petae
1041 1431 1080 1499 B,
1099 1431 1215 1486 addens:
1236 1430 1307 1485 ‘mo-

153 1512 224 1569 lette
238 1527 274 1568 11·
289 1510 366 1576 nolis
379 1512 412 1566 tu
429 1515 519 1566 ortum
534 1516 611 1580 puto.
635 1512 710 1580 quod
728 1512 879 1567 molestum
898 1515 942 1567 eet
961 1528 1046 1581 quam
1066 1510 1096 1565 id
1115 1509 1190 1580 quod
1204 1509 1308 1580 capide

152 1595 236 1664 petua
263 1591 393 1663 Pylades.
430 1590 505 1661 quod
532 1591 681 1646 molestum
711 1593 767 1660 est,
796 1593 824 1646 id
853 1610 939 1661 quam
968 1592 1043 1661 quod
1069 1595 1151 1661 petas
1176 1592 1309 1662 dayam.

156 1674 344 1742 Itansposuit
368 1672 488 1728 Bothius
513 1670 665 1728 Molestum
692 1687 777 1742 quem
804 1671 833 1725 id
859 1671 955 1726 11111111
984 1671 1060 1741 quod
1088 1669 1190 1740 cupide
1216 1673 1305 1742 petes.

153 1753 302 1808 Debebunt
319 1752 414 1807 sotum
432 1748 537 1805 Venire
556 1751 631 1818 quod
649 1752 828 1805 molestumst
846 1769 931 1821 quam
949 1750 1021 1805 illud
1040 1750 1117 1821 quod
1136 1752 1226 1820 petas.
1254 1751 1307 1807 Est

155 1834 257 1904 quiin
274 1832 394 1887 moleste
414 1832 496 1886 tatere
512 1829 587 1886 male
607 1832 645 1885 sit
663 1833 836 1900 suspicetnr’.
863 1833 907 1887 De
925 1832 1065 1898 molestet,
1085 1848 1170 1901 quam
1189 1830 1219 1884 id
1233 1831 1309 1901 quod

154 1912 281 1984 captitiis
304 1912 424 1968 Bottius
446 1912 524 1978 alirn,
548 1913 581 1967 de
604 1912 677 1966 feres
696 1930 750 1981 pro
773 1914 854 1982 petae
879 1915 994 1983 (seruato
1017 1911 1145 1981 moleste)
1172 1913 1310 1982 copitabot

156 1994 322 2060 statueras,
341 1993 394 2048 atii
411 2007 472 2048 oum
491 1990 577 2047 Venit
594 1992 670 2061 quod
689 1991 868 2046 molestumst
885 1993 1043 2060 defendant,
1060 1994 1110 2047 rie
1128 1997 1205 2047 recte.
1239 1991 1306 2046 Sen-

153 2074 268 2142 tentiae,
283 2089 342 2128 non
359 2072 457 2128 titteris
469 2073 568 2142 optime
584 2074 745 2142 respondeat
759 2072 892 2128 formides
910 2074 951 2127 oet
968 2073 1042 2127 male
1057 2075 1164 2127 metuas
1182 2074 1227 2141 (ot.
1243 2074 1301 2128 Pu-

154 2155 253 2210 hts'iius
275 2151 558 2224 Syrastrene),
580 2153 692 2220 titteris,
709 2170 765 2207 nou
782 2155 940 2222 sententiae,
962 2153 1087 2208 modeste
1112 2155 1180 2222 (scit.
1205 2154 1302 2222 petas).

154 2234 290 2291 Fortasse
316 2232 435 2287 moleste
462 2239 621 2303 corruptum
644 2250 679 2287 ea
705 2232 842 2288 Molestus
866 2235 939 2304 qnod
964 2235 1094 2303 sequitur.
1131 2234 1174 2288 De
1202 2235 1304 2288 toarno

153 2310 350 2369 intervenire
369 2311 444 2382 quod
463 2312 581 2367 moleste
599 2318 624 2367 et
641 2331 726 2382 quam
744 2313 762 2368 i.
783 2333 809 2382 q.
829 2331 853 2368 c.
871 2332 899 2384 p.
918 2316 1065 2369 statuenda
1084 2314 1222 2383 copitatat
1240 2314 1305 2368 otim

155 2393 359 2449 Mmteisenns.

248 2478 290 2529 14.
316 2489 390 2527 nunc
409 2471 465 2526 iam
483 2472 494 2525 i
512 2491 569 2543 rue,
587 2472 654 2528 hino
672 2477 700 2529 te
720 2491 819 2529 amous
840 2474 885 2529 ‘on
899 2476 975 2530 codd.
991 2476 1060 2530 ont’
1082 2475 1208 2546 Pylades.
1234 2491 1308 2528 nuno

154 2555 214 2609 ism
235 2554 246 2607 i
264 2571 312 2608 rus
329 2555 416 2623 teque
435 2570 534 2609 smoue
551 2553 734 2610 Camerarius.
773 2573 846 2609 nunc
865 2555 920 2609 iam
939 2555 1034 2609 hercle
1053 2556 1141 2609 irus:
1161 2556 1189 2609 tc
1208 2570 1307 2609 amone

155 2636 290 2689 Bothius:
318 2635 353 2700 cf.
378 2634 416 2687 ad
442 2651 464 2688 o.
489 2637 532 2688 75.
570 2635 701 2689 nunciam
730 2635 825 2689 hercle
852 2637 882 2689 te
910 2650 1010 2688 amone
1037 2634 1157 2688 Brieius
1186 2635 1236 2704 Qu.
1261 2652 1307 2703 pr.

153 2734 183 2784 p.
199 2720 247 2770 27.
263 2719 310 2781 48,
330 2720 421 2783 postea
439 2715 571 2768 librorum
590 2717 746 2770 memoriam
765 2716 910 2770 vindicans
928 2714 1033 2768 Arnai.
1051 2715 1146 2783 philol.
1167 2714 1310 2768 CXXXI

153 2813 183 2865 p.
203 2799 259 2850 193
274 2800 339 2865 post
363 2794 530 2864 Wapnsrum
553 2795 674 2850 ‘Obstru
699 2812 735 2850 on
753 2796 848 2850 Piaut.
864 2795 951 2863 pros'
967 2812 997 2863 p.
1020 2798 1068 2848 13:
1092 2795 1141 2848 ubi
1163 2793 1306 2848 nunciam:

155 2874 180 2943 i,
204 2893 253 2929 ms
281 2876 345 2930 11111.
368 2874 518 2945 Seyffertus
545 2877 603 2930 coil.
625 2877 724 2931 Pseerd.
745 2881 800 2929 118
824 2876 990 2929 dubitanter.
1027 2892 1100 2927 nunc
1125 2874 1181 2927 ium
1207 2891 1253 2927 rue
1278 2877 1307 2927 te

156 2970 260 3009 amane
278 2952 310 3006 It
325 2959 388 3023 post
405 2954 632 3023 Kampmannum
650 2959 755 3012 Annot.
772 2974 801 3024 p.
821 2961 868 3011 29.

249 3039 291 3088 75.
319 3034 413 3087 hercle
432 3036 482 3088 det.
505 3034 692 3091 Camerarius:
711 3039 825 3105 itemque
844 3035 887 3101 n,
912 3035 985 3088 ercle
1000 3052 1054 3102 pro
1074 3051 1148 3088 erres
1167 3036 1309 3105 irrepsisse

153 3120 262 3185 putans
284 3119 309 3168 et
336 3131 393 3168 non
420 3113 490 3168 mihi
518 3118 681 3184 praeterhac
710 3119 852 3170 traiciens:
881 3117 966 3185 quode
994 3116 1028 3182 cs.
1049 3115 1198 3185 Seyffertus
1222 3117 1306 3171 Burs.

156 3195 265 3250 Annei.
285 3194 414 3248 XLVII
428 3211 457 3262 p,
476 3198 513 3250 32
536 3194 748 3264 Kaernpfiuspue
774 3199 806 3250 de
831 3212 912 3264 prou.
933 3213 1004 3263 pers.
1025 3201 1117 3264 1111.
1155 3196 1225 3250 mihi
1252 3214 1307 3251 nau

156 3275 324 3345 praeterhac
340 3274 545 3329 Fleckeisenus:
564 3278 612 3329 uhi
632 3275 670 3328 nri
688 3277 843 3331 encliticam
866 3277 937 3330 tollit
955 3278 1141 3343 offensionem:
1167 3276 1307 3342 11111111-

155 3373 243 3426 sayns
264 3354 377 3409 ‘Journ
397 3357 431 3420 os
445 3356 553 3424 philol)
574 3356 637 3410 XX
654 3374 680 3424 p.
697 3361 748 3409 111
763 3374 800 3424 sq.
820 3360 872 3409 145
886 3371 923 3424 sq.
948 3361 972 3408 et
996 3356 1157 3410 sintichias
1177 3355 1306 3410 ‘Forsch

156 3453 181 3490 s.
197 3437 245 3490 lat.
257 3435 340 3490 Matr.
355 3453 382 3489 u.
398 3435 531 3490 Gramen)
550 3437 569 3488 I
582 3455 608 3506 p.
621 3442 675 3491 136
690 3439 755 3492 adn.
787 3437 887 3489 Omnia
901 3441 1082 3504 transponens
1099 3435 1171 3489 Mihi
1184 3438 1306 3505 praeter-

156 3517 221 3583 hac,
240 3531 276 3569 ne
297 3519 328 3568 tu
342 3532 426 3581 erres,
445 3533 500 3571 non
521 3517 538 3569 f.
556 3536 589 3570 m.
606 3518 724 3571 Bothius
743 3519 816 3583 111111,
830 3522 927 3585 postea
945 3534 1004 3571 curn
1020 3517 1176 3571 Contraria
1194 3518 1316 3583 faciens„

158 3597 230 3650 Cum
254 3594 400 3664 Spenpetio
423 3597 548 3651 conoenit
566 3597 753 3652 Studenrundo
772 3598 876 3650 Annat.
892 3598 988 3665 philol.
1009 3596 1122 3650 XCIII
1136 3616 1165 3666 p.
1186 3597 1307 3663 5111-

157 3677 261 3741 rerrrio,
279 3675 351 3728 otiis.

251 3760 292 3808 16.
314 3755 467 3809 ‘aestumat
493 3755 627 3826 Pylades:
652 3775 703 3827 pro
726 3774 778 3826 pua
802 3758 911 3812 debehat
934 3758 1028 3812 saitem
1052 3757 1081 3810 id
1104 3760 1245 3810 aestumat
1268 3760 1308 3810 ret

156 3835 209 3888 ille
232 3835 382 3888 aestumat.
420 3834 498 3888 Hinc
521 3837 636 3900 tortasse
658 3840 848 3906 corripendum
867 3839 945 3906 Copt.
967 3840 1028 3890 III
1047 3843 1072 3903 5,
1091 3841 1129 3891 24
1152 3836 1306 3905 1111111111-

157 3917 267 3968 stoma:
288 3914 353 3967 item
378 3915 410 3967 iu
437 3915 572 3969 Plautino
595 3934 674 3971 uersu
701 3922 777 3986 apud
801 3918 914 3973 Festum
939 3918 1024 3971 Pauli
1044 3936 1073 3985 p.
1093 3917 1206 3969 143111.
1227 3917 1307 3970 flocci

157 3993 312 4048 existumo‘
333 3992 370 4048 n.
399 3995 478 4048 noae
496 3996 597 4050 Persae
614 4015 638 4051 rr.
659 4002 720 4050 353.

250 4079 292 4128 80.
318 4073 413 4127 aedeis
432 4076 529 4130 Aldus.
559 4076 642 4131 aedes
661 4078 823 4144 Lambinus,
843 4079 884 4132 a.-
904 4080 938 4143 cs.
958 4078 1154 4130 Lactrruonnus
1172 4078 1203 4129 in
1221 4076 1306 4129 Lacr.

156 4155 208 4209 IV
220 4159 278 4209 997
293 4170 322 4222 p.
338 4158 396 4208 265
413 4155 462 4223 (ad
480 4157 561 4210 Asin.
576 4158 598 4211 I
612 4163 639 4226 3,
654 4161 710 4228 69).
749 4160 828 4212 Inter
846 4177 869 4213 o.
891 4165 924 4210 80
943 4164 967 4211 et
986 4163 1019 4210 82
1039 4157 1208 4210 intercidisse
1226 4157 1306 4210 uersi·

156 4235 253 4288 culum
271 4235 387 4302 sumpsit
406 4235 444 4300 It,
463 4237 513 4303 qui
531 4238 602 4290 vetut
620 4240 686 4292 tatis
704 4257 758 4294 esse
773 4241 908 4307 potuerit:

231 4312 318 4367 Fame
337 4315 539 4382 pereundumst
556 4316 682 4372 familiae
702 4321 789 4374 omni:
810 4320 912 4387 quippe
932 4315 998 4384 quoi

156 4396 198 4450 Ar
217 4395 308 4448 nescio
328 4411 366 4447 an
383 4399 460 4461 postu
477 4412 570 4450 servus
588 4400 723 4466 apodosin
742 4400 901 4467 represserit
919 4399 1136 4465 suppresseritoe.

249 4479 337 4542 8311.
360 4473 407 4526 his
426 4491 510 4543 quom
526 4494 580 4546 pro
599 4494 693 4532 eccum
714 4481 855 4546 (aequum)
876 4476 919 4544 et,
939 4478 1078 4545 ‘apodasis
1096 4484 1128 4532 ut
1143 4481 1257 4548 perierit
1276 4482 1306 4533 iu

155 4555 212 4622 tine
229 4571 355 4621 scaenae,
373 4556 454 4608 cuius
470 4560 630 4612 sententiam
648 4560 698 4613 troc
716 4560 834 4626 eaernpio
853 4558 984 4625 redipisci
1002 4558 1104 4613 iicebit:

229 4633 344 4687 Nimiae
364 4633 413 4702 pol
432 4650 527 4691 eures
546 4637 698 4692 diuidiaeet
717 4637 810 4692 animo
831 4654 901 4692 meo,

160 4715 232 4769 Vide
248 4715 468 4784 praefationem,
486 4717 536 4769 uhi
554 4719 586 4771 de
604 4725 714 4772 actuum
733 4719 867 4773 divisione
885 4720 1066 4787 disputamus,
1085 4737 1153 4789 puae
1170 4720 1307 4790 onloo'cst

150 4792 389 4865 perversissirna’.
420 4794 461 4860 Cf.
482 4797 650 4852 Luehhertus
664 4798 742 4854 Stud.
757 4815 869 4868 promtu
884 4800 923 4852 II
937 4817 966 4869 p.
983 4803 1045 4855 102.
1064 4803 1118 4855 211
1134 4807 1159 4855 et
1173 4802 1210 4856 ad
1223 4819 1246 4855 o.
1263 4807 1305 4855 84.
