2910 5528
832 40 847 89 Ι.

903 149 914 154 ι.
944 143 996 155 -

137 226 197 244 lx*

635 732 842 787 PRAEFATIO
1207 733 1311 787 XXVlI

164 897 216 958 ris
239 894 334 960 facile
358 896 452 960 aliter
474 895 625 980 explices,
648 899 756 960 tamen
781 900 913 979 propter
932 897 1019 960 illius
1044 897 1105 961 loci
1130 918 1306 983 congruen·
1381 965 1386 975 ,

163 1001 248 1066 tiam
271 1023 337 1068 non
359 1002 507 1085 librario,
531 1001 585 1066 scd
610 1002 806 1067 membranis
831 1003 1056 1087 imputandum
1080 1002 1150 1067 erit.

257 1107 326 1173 lam
351 1130 423 1174 curn
446 1131 476 1174 r.
495 1108 560 1174 622
585 1109 626 1173 ab
651 1109 744 1172 initio
769 1110 802 1172 in
827 1108 860 1173 P
881 1130 975 1173 voces
995 1109 1071 1174 Noli
1092 1109 1164 1190 flere
1183 1110 1199 1173 l
1217 1109 1259 1174 ab
1277 1114 1310 1174 et

165 1235 198 1277 v.
217 1213 283 1278 623
312 1214 352 1278 Vt
371 1215 494 1297 capreas
517 1215 679 1280 abscissae
703 1215 781 1298 sint,
807 1217 877 1298 quis
902 1215 1049 1279 dubitare
1073 1214 1206 1298 poterit,
1232 1214 1310 1299 quin

166 1341 241 1385 cum
265 1319 327 1384 hoc
349 1319 476 1385 defectu
500 1320 679 1403 cohaereat,
708 1320 792 1404 quod
817 1321 876 1385 sub
900 1321 997 1385 finem
1020 1344 1049 1386 v.
1068 1318 1171 1406 606*)
1194 1321 1227 1385 Β
1250 1342 1309 1404 pro

166 1427 353 1509 inproelium
379 1427 479 1492 babet
505 1429 612 1510 inproe
640 1423 692 1511 (ex
720 1450 783 1511 quo
812 1426 931 1509 impero
961 1427 1155 1493 vocabulum
1179 1427 1310 1510 iustum,

167 1532 227 1598 sed
255 1553 350 1598 sensu
377 1554 518 1618 cassum,
545 1533 694 1599 effectum
722 1533 755 1597 in
784 1532 870 1619 OD).
917 1532 1029 1617 Neque
1058 1556 1134 1599 casu
1165 1532 1309 1597 accidere

165 1640 289 1723 potuit,
316 1643 354 1704 ut
376 1639 552 1705 Lambinus
582 1644 614 1704 et
639 1661 667 1704 v.
686 1641 751 1704 622
780 1644 812 1704 et
840 1663 867 1703 v.
887 1641 952 1705 606
982 1662 1087 1705 veram
1118 1640 1310 1724 plenamque

166 1746 361 1829 scripturam
380 1767 419 1810 ex
432 1745 465 1810 A
484 1745 707 1810 confirmatam
727 1729 887 1829 praebeat,
911 1747 972 1810 etsi
991 1746 1097 1830 priore
1115 1747 1186 1811 loco
1201 1747 1309 1829 neglc-

167 1851 317 1937 gentius,
339 1857 375 1916 ut
398 1851 497 1936 solet,
521 1851 559 1916 de
582 1852 674 1916 libris
698 1852 765 1916 suis
790 1852 885 1935 dicet,
908 1851 1011 1917 altero
1035 1853 1167 1918 omnino
1189 1856 1310 1917 taceat:

166 1957 228 2022 sed
254 1961 342 2024 certe
367 1958 494 2023 ratione
516 1958 593 2023 binc
617 1958 838 2022 concludimus
863 1959 1065 2023 membranas
1088 1958 1244 2040 Turnebi,
1272 1981 1310 2023 ex

167 2063 288 2148 quibus
317 2063 447 2128 disertis
476 2064 582 2128 verbis
612 2065 737 2129 nullum
766 2064 805 2128 ad
832 2064 966 2129 Persam
996 2064 1140 2129 adfertur
1167 2064 1310 2129 testimo·

165 2170 269 2254 nium,
292 2169 414 2254 aliquid
439 2192 476 2234 ex
500 2169 561 2235 bac
584 2192 711 2255 quoque
735 2170 846 2235 fabula
870 2170 1076 2236 continuisse.
1117 2170 1208 2246 Quod
1232 2192 1309 2235 vero

168 2275 266 2340 alteri
289 2276 395 2341 versui
419 2276 520 2341 aliero
543 2278 615 2342 loco
640 2277 790 2341 mutilato
810 2274 862 2361 (dc
881 2298 944 2361 quo
963 2277 1044 2341 nihil
1063 2277 1163 2341 habet
1181 2275 1309 2342 Lambi-

167 2377 260 2468 nus),
287 2381 376 2446 nulla
399 2383 573 2465 respondet
597 2383 728 2467 lacuna,
753 2383 851 2447 rariis'
874 2382 1053 2446 rationibus
1078 2384 1230 2467 explicari
1254 2406 1309 2467 po-

167 2489 260 2571 terit,
292 2492 329 2552 ut
359 2493 416 2552 aut
442 2510 471 2553 v.
494 2489 559 2554 605
587 2489 777 2574 bipartitum
803 2489 903 2553 fuisse
932 2511 1110 2573 sumamus,
1143 2492 1199 2553 aut
1231 2490 1308 2553 olim

166 2597 255 2659 recte
283 2595 444 2680 expletum
473 2616 543 2661 esse
571 2597 612 2660 ab
641 2617 678 2660 eo
708 2595 762 2679 qui
791 2595 824 2660 P
848 2595 1057 2677 recensuerit,
1089 2605 1144 2658 aut
1174 2594 1309 2678 denique
1388 2671 1390 2674 y

167 2700 326 2765 hocloco
349 2701 529 2783 rescissem,
553 2723 618 2766 non
641 2702 817 2766 abscissam
842 2702 1060 2765 membranam
1088 2700 1195 2765 fuisse.
1233 2699 1309 2765 Cer-

163 2808 251 2871 tiore
274 2807 399 2871 ratione
423 2807 665 2890 declarabimus,
689 2830 745 2872 cur
766 2808 948 2872 solitarium
969 2808 1030 2872 sub
1051 2808 1147 2871 finem
1168 2807 1308 2871 eiusdem

167 2934 305 2979 scaenae
334 2917 409 2996 post
431 2937 459 2978 v.
479 2914 541 2979 667
568 2913 768 2978 dimidiatum
795 2935 922 2978 versum
946 2913 1135 2997 habeamus,
1163 2913 1216 2996 qui
1240 2936 1308 2997 per-

165 3041 281 3105 peram
308 3041 327 3082 a
351 3018 485 3103 Bothio,
514 3018 709 3096 Ititscbelio‚
738 3019 811 3083 aliis
835 3020 930 3102 plano
953 3024 1097 3083 remotus
1121 3024 1179 3083 est.
1224 3019 1308 3083 Nam

166 3127 257 3189 insto
286 3125 391 3208 spatio
420 3121 646 3210 interiecto**)
674 3146 790 3189 novam
820 3146 966 3189 scaenam
996 3124 1165 3207 habemus,
1196 3129 1231 3188 ut
1259 3125 1309 3188 de·

166 3232 291 3296 fectum
315 3231 418 3296 altero
442 3231 514 3295 loco
538 3252 674 3295 vacuum
698 3231 839 3314 spatium
863 3232 1011 3315 attigisse
1032 3231 1236 3295 manifestum
1256 3233 1306 3295 sit.

164 3336 289 3403 Contra
312 3336 532 3401 dubitabimus
556 3337 594 3400 de
618 3360 646 3401 v.
668 3337 740 3420 705,
766 3337 820 3401 ubi
845 3344 1005 3402 extremas
1029 3339 1171 3421 syllabas
1195 3339 1305 3403 dment-

166 3445 225 3510 eoi
242 3465 327 3508 unus
346 3443 488 3508 servavit
502 3445 542 3525 A,
562 3444 617 3527 qui
636 3448 713 3526 post
731 3443 847 3528 viginti
868 3444 1013 3507 senarios
1028 3465 1145 3508 noram
1161 3465 1307 3508 scaenam

165 3549 300 3615 indicat.
346 3548 437 3624 Quod
466 3551 528 3613 etsi
555 3549 789 3633 neglegendum
813 3571 878 3613 non
902 3553 965 3632 est,
989 3554 1099 3614 tamen
1123 3557 1196 3634 post
1218 3553 1311 3633 eripi

164 3656 313 3740 potuisse
344 3655 517 3720 deseratibi
544 3655 696 3719 facillime
725 3655 826 3719 oculis
854 3655 1080 3720 aberrantibus
1110 3657 1217 3720 omitti
1245 3679 1309 3721 non

164 3762 370 3845 negabimus.
416 3759 504 3825 Nihil
534 3764 620 3825 certe
649 3761 822 3844 respondet
850 3767 978 3845 apertae
1002 3763 1135 3826 lacunae
1159 3785 1253 3846 quarn
1278 3764 1310 3826 Α

163 3889 242 3932 cnm
271 3866 303 3931 P
328 3871 423 3931 antea
451 3890 478 3931 v.
504 3867 568 3932 696
598 3872 770 3931 monstrat:
807 3871 952 3932 attamen
986 3868 1066 3931 illud
1099 3890 1164 3932 non
1192 3868 1308 3949 impro-

168 3973 280 4038 babile
304 3977 450 4038 osteum
474 3973 535 4037 hac
559 3975 629 4056 ipsa
652 3973 768 4038 lacuna
791 3974 960 4038 cohaerere
985 3973 1133 4036 mendum
1157 3973 1191 4034 in
1215 3993 1309 4034 versu

163 4078 333 4164 proximo:
357 4079 414 4143 nbi
436 4078 500 4143 liure
523 4079 602 4142 mule
625 4100 663 4142 ex
683 4102 711 4142 v.
731 4079 795 4142 593
815 4081 998 4163 suppletum
1019 4099 1088 4141 esse
1107 4077 1231 4158 sumpsi
1251 4096 1308 4157 pro

162 4186 336 4268 comrnodc,
367 4185 450 4269 quod
475 4207 540 4248 una
567 4207 638 4248 cum
666 4191 762 4249 verbo
791 4185 849 4248 sub
874 4184 968 4247 finem
994 4207 1023 4248 v.
1042 4184 1106 4247 696
1131 4181 1308 4266 supplendo

157 4294 196 4358 in
223 4292 388 4356 communi
413 4291 587 4374 archetypo
612 4291 818 4355 obscuratum
843 4291 1054 4354 rescissumve
1078 4289 1182 4351 fuerit

259 4395 330 4472 Quo
368 4397 562 4461 luculentius
600 4401 762 4480 postremo
801 4397 871 4459 loco
909 4393 1223 4458 commemorandum
1262 4397 1311 4456 est

153 4504 351 4587 exemplum
380 4504 418 4567 de
447 4507 590 4568 extrema
620 4525 734 4567 scaena
764 4503 978 4584 desumptum.
1029 4498 1093 4562 Vbi
1123 4523 1150 4563 v.
1175 4500 1239 4565 843
1269 4500 1309 4564 ab

254 4678 283 4747 ⁸)
302 4678 335 4732 In
349 4679 384 4744 A,
404 4677 453 4747 qui
472 4676 501 4730 in
516 4679 569 4732 bac
588 4679 649 4746 ipsa
663 4675 768 4745 pagina
782 4675 889 4728 duobus
905 4673 1030 4729 versibus
1044 4675 1152 4728 auctior
1167 4677 1218 4743 est,
1238 4675 1310 4729 inter

146 4784 176 4821 v,
198 4765 259 4817 606
281 4759 311 4811 et
331 4762 383 4810 622
404 4755 504 4825 viginti
523 4774 619 4812 versus
638 4756 821 4809 intercedunt

238 4839 287 4906 ²⁸²⁸)
308 4836 409 4906 viginti
427 4855 555 4892 versuum
575 4839 603 4890 in
623 4837 657 4890 A.
