2910 5528
564 702 767 757 1111111110
1069 677 1076 685 ’
1136 698 1239 755 xxxv

135 873 181 933 :ta
200 868 283 932 sint:
306 864 399 953 (nam
419 867 533 931 horum
552 865 679 931 diversa
700 866 781 929 ratio
801 862 878 948 est:)
901 871 1011 930 tamen
1030 866 1095 929 vim
1115 866 1238 930 nnllam

135 993 194 1058 bet
222 993 251 1056 si
273 1015 312 1057 ex
336 992 393 1056 illo
417 1012 530 1074 eccum,
557 1012 617 1073 pro
642 1012 705 1074 quo
727 966 837 1064 docum
866 989 900 1053 in
922 989 956 1054 B
984 995 1047 1073 est,
1075 1012 1140 1056 non
1167 991 1236 1055 sine

135 1099 328 1164 obabilitate
352 1098 501 1163 effectum
525 1101 575 1162 est
597 1096 645 1161 bic
667 1117 735 1161 erem
760 1096 809 1158 vel
832 1095 881 1160 bie
903 1116 1005 1178 quoru,
1033 1118 1116 1160 nnus
1140 1101 1177 1160 ut
1204 1097 1237 1160 in

135 1210 240 1270 trema
258 1227 376 1270 scaena
394 1203 572 1269 versiculus
591 1203 790 1267 interciderit
811 1224 959 1267 caussam
979 1203 1119 1267 abeundi
1140 1205 1238 1287 signi-

135 1334 203 1376 1111.
241 1312 327 1376 Nam
351 1313 450 1376 talem
473 1310 619 1395 profecto
646 1310 812 1374 fatendum
836 1313 886 1374 est
908 1331 1041 1394 prorsus
1065 1309 1239 1373 desiderari

151 1417 342 1484 Gramionis
365 1419 427 1483 hac
450 1419 596 1482 oratione
614 1438 696 1482 nune
713 1439 769 1484 rus
791 1417 895 1482 abibo:
918 1437 993 1480 raam
1015 1437 1115 1481 eccum
1137 1417 1239 1480 erilem

135 1528 197 1590 ium
214 1527 304 1590 uideo
322 1530 499 1607 corruptum
518 1545 554 1588 erc
571 1524 759 1589 11111111111111
776 1531 910 1607 optumo:
934 1522 1062 1609 quando
1085 1543 1150 1586 non
1170 1526 1241 1586 erat

135 1655 150 1695 1
172 1632 305 1697 timeret
327 1629 575 1696 Philolachem'.
617 1630 709 1706 Quod
733 1636 897 1714 postremo
925 1632 996 1696 loco
1021 1629 1147 1694 monuit
1170 1627 1239 1693 Rit-

135 1737 239 1803 belins
267 1737 329 1802 etsi
362 1738 540 1803 rectissime
569 1738 753 1801 observavit
779 1760 881 1821 neque
911 1742 996 1801 recte
1026 1737 1240 1820 neglexerunt

135 1846 160 1927 i,
183 1848 296 1909 tamen
319 1842 394 1908 huic
417 1843 621 1909 incommodo
645 1844 820 1908 remedium
843 1847 973 1926 praesto
997 1847 1060 1926 est,
1084 1843 1111 1906 si
1134 1842 1240 1926 ipsum

135 1974 225 2016 rsnm
253 1950 405 2015 ultimum
428 1952 571 2016 hiantem
595 1973 661 2015 non
684 1951 775 2015 inani
799 1951 906 2035 aliquo
931 1950 1151 2015 additamento
1181 1948 1242 2013 ful-

135 2081 206 2142 nus,
227 2056 286 2147 sed
304 2057 404 2123 verbo
425 2079 556 2122 causam
575 2058 665 2122 illam
686 2058 900 2143 significante,
920 2058 1009 2122 velut
1027 2058 1130 2122 ardeo:
1148 2055 1242 2139 <odr>

135 2170 275 2249 ceptam
297 2185 335 2230 ea
355 2166 542 2231 adulescente
565 2169 687 2247 optimo
710 2161 763 2250 (cf.
788 2164 922 2248 append.
947 2160 1042 2250 crit).
1076 2161 1150 2227 Sine
1174 2162 1244 2225 ulla

135 2277 205 2336 tem
230 2271 459 2356 probabilitate
481 2293 582 2337 eccam
605 2292 783 2355 pronomen
807 2275 1037 2335 removeretur:
1063 2269 1147 2333 unde
1170 2290 1244 2332 con-

135 2401 237 2463 quens
257 2384 317 2462 est,
335 2383 373 2443 ut
391 2379 513 2461 primus
533 2382 624 2442 actus
643 2400 708 2443 non
728 2380 844 2441 rectius
865 2400 892 2440 v.
903 2378 945 2442 83
957 2399 1003 2460 sq.
1022 2375 1241 2459 1111111111ὃὸ

135 2487 237 2549 111111.
261 2484 332 2549 lam
356 2485 395 2548 de
417 2485 523 2567 primo
544 2488 618 2549 actu
637 2506 738 2569 usque
762 2484 801 2548 ad
822 2507 849 2546 v.
863 2485 929 2548 430
953 2482 1151 2547 extendendo
1170 2503 1242 2545 cum

135 2615 146 2654 r
169 2590 371 2674 probabilius
393 2592 563 2675 cogitetur,
582 2597 668 2656 recte
687 2590 860 2654 Lorenzius
881 2589 1136 2673 Spengeliusque
1159 2610 1244 2650 sum-

135 2702 232 2761 erunt
255 2702 329 2780 post
348 2720 376 2761 v.
391 2698 453 2761 347
475 2698 522 2761 ita
545 2698 754 2761 interstitium
774 2698 858 2779 fieri,
882 2702 918 2760 ut
942 2695 1085 2759 convivis
1112 2693 1242 2757 interim

138 2804 286 2868 tentibus
320 2804 437 2869 tibicen
471 2809 670 2888 spectatores
701 2805 915 2868 delectaverit.
958 2800 1078 2866 Contra
1111 2802 1241 2864 minime

135 2913 182 2974 cte
207 2908 380 2973 Lorenzius
404 2911 551 2994 neglecto
575 2911 766 2988 interstitio,
791 2910 874 2994 quod
898 2912 973 2992 post
997 2908 1104 2991 ipsum
1130 2930 1156 2969 v.
1176 2908 1243 2970 430

135 3020 225 3079 stare
253 3015 449 3081 Ritschelius
477 3018 629 3100 probavit
657 3039 759 3101 neque
788 3016 991 3100 Ladewigius
1019 3015 1159 3078 removit
1188 3012 1242 3099 (cf.

135 3121 232 3204 pend.
248 3121 317 3185 crit.
333 3122 371 3186 ad
388 3146 414 3186 v.
429 3120 519 3207 428),
539 3129 571 3186 et
591 3125 778 3188 continuato
799 3128 872 3206 post
887 3145 915 3186 v.
929 3122 1016 3185 1040
1036 3126 1110 3184 actu
1130 3120 1242 3184 eodem

135 3250 161 3291 es
185 3233 295 3309 partes
319 3228 395 3293 fecit
417 3230 560 3293 fabulae:
588 3231 673 3315 quod
698 3231 798 3295 miror
823 3229 980 3313 placuisse
1006 3228 1184 3292 Ribbeckio
1208 3228 1242 3289 in

135 3338 170 3396 rt.
195 3355 281 3416 poes.
301 3333 392 3397 Rom.
413 3334 429 3397 I
454 3359 483 3418 p.
506 3338 577 3398 112.
609 3335 695 3400 Nam
720 3359 786 3400 non
811 3337 905 3400 modo
929 3358 1051 3400 novum
1076 3334 1243 3398 exordium

141 3462 172 3503 v.
190 3440 255 3503 431
287 3446 319 3503 et
351 3440 432 3504 1041
467 3441 533 3505 fieri
568 3442 739 3520 sentimus,
768 3443 823 3505 sed
856 3446 968 3507 nostro
1001 3443 1069 3506 iure
1104 3442 1244 3524 quinquo

135 3553 188 3609 tus
208 3550 439 3628 exspectamus.
470 3546 573 3621 Quam
592 3550 803 3633 partitionem
820 3549 905 3633 quod
925 3549 1041 3612 iterum
1061 3550 1241 3630 iterumque

135 3653 272 3717 »renzius
296 3675 369 3718 cum
394 3654 465 3717 aliis
489 3654 570 3717 dixit
595 3654 718 3739 (Most.2
742 3678 771 3738 p.
789 3653 866 3739 197)
891 3677 929 3718 ex
951 3655 1090 3719 Horatio
1114 3658 1241 3717 tantum

135 3763 155 3823 t.
179 3764 264 3842 poet.
288 3783 315 3823 v.
339 3760 399 3823 199
416 3783 461 3844 sq.
490 3762 632 3825 effecisse
665 3763 910 3846 grammaticum
940 3784 1051 3825 verum
1086 3783 1150 3825 non
1185 3765 1243 3824 est.

135 3888 182 3929 rm
207 3872 243 3929 ut
266 3867 394 3930 mittam
419 3869 606 3932 testimonia
625 3889 664 3931 ex
687 3874 779 3952 parte
802 3868 840 3932 ad
861 3867 1042 3932 Varronem
1061 3868 1242 3931 revocanda

135 3995 180 4054 se,
205 3979 318 4037 notum
343 3979 392 4036 est
416 3975 554 4037 alterum
578 3979 703 4038 exstare
733 3976 954 4039 testimonium
983 3974 1077 4057 idque
1102 3995 1139 4036 eo
1169 3995 1242 4055 gra-

135 4101 182 4160 is,
206 4080 290 4162 quod
319 4102 386 4143 rem
415 4082 448 4143 in
476 4086 662 4144 transcursu
686 4088 919 4146 commemorat
947 4086 1102 4162 tanquam
1131 4079 1242 4141 tritam

155 4185 315 4248 latissime
335 4191 510 4268 patentem,
530 4188 572 4251 M.
588 4188 747 4252 Antonini
767 4188 831 4250 XII
851 4190 906 4251 36:
932 4179 1005 4250 οἷον
1030 4186 1060 4247 εἰ
1078 4179 1243 4269 κωμῳδὸν

135 4287 238 4354 rotrici
261 4292 320 4373 τῆς
343 4295 465 4375 σκηνῆς
489 4289 506 4357 ὁ
531 4292 732 4377 παραλαβὼν
753 4289 942 4376 στρατηγός.
967 4286 1034 4353 ἀλλ’
1063 4283 1124 4353 οὐκ
1148 4283 1241 4351 εἷπον

160 4395 256 4460 πέντε
280 4397 373 4480 μέρη,
396 4394 481 4462 ἀλλὰ
501 4396 539 4461 τὰ
561 4403 643 4482 τρία.
667 4403 773 4476 καλῶς
793 4397 898 4474 εἶπας·
923 4398 959 4461 ἐν
979 4397 1093 4479 μέντοι
1117 4396 1161 4483 τῷ
1182 4398 1243 4481 βίῳ

165 4507 241 4584 τρία
270 4499 350 4567 ὅλον
378 4501 414 4567 τὸ
447 4506 557 4588 δρᾶμά
585 4506 683 4570 ἐστιν.
726 4508 829 4582 Quam
859 4527 934 4569 vero
959 4503 1131 4568 Lorenzius
1160 4525 1246 4567 com-

135 4609 231 4674 endat
262 4609 525 4674 distributionem
550 4635 606 4694 per
629 4618 695 4677 tres
719 4621 841 4697 parteS,
870 4635 939 4676 eam
965 4617 1088 4674 veteres
1119 4632 1245 4694 quoqne

135 4719 261 4779 »verunt
275 4712 460 4801 (πρότασις,
478 4716 633 4798 ἐπίτασις,
648 4715 884 4803 καταστροφή),
900 4719 953 4782 sed
970 4718 1096 4801 abipsa
1116 4722 1246 4781 actuum

135 4822 314 4906 scriptione
338 4845 475 4906 quacum
502 4824 554 4887 1111
579 4825 747 4889 confundit
771 4831 916 4889 accurate
941 4827 1165 4891 distinxerunt.

999 4926 1033 4982 C*
