2910 5528
158 317 223 373 Vlll
623 314 829 372 PRAEFATIO

157 482 231 546 dam
259 482 405 566 partibus
434 481 604 565 spissiores
632 484 709 545 suut
736 502 832 563 quam
860 480 894 543 in
922 479 1010 562 aliis,
1037 483 1148 545 tamen
1170 483 1205 544 et
1231 502 1301 564 pro·

159 590 280 655 miscuo
306 611 364 674 per
392 588 575 654 universam
603 586 748 651 fabulam
772 590 926 672 tanquam
952 584 1117 670 dispersae
1145 592 1237 671 sunt,
1262 592 1302 669 et

157 695 247 760 88118
279 696 314 759 18
344 696 424 779 18818
452 694 616 760 codicibus
643 692 761 759 iudicio
795 694 958 777 proditae,
986 693 1049 759 soli
1075 693 1302 779 neglegentiae

156 801 364 866 librariorum
397 799 562 865 debentur.
605 797 726 863 Contra
757 799 840 863 81188
868 803 901 863 81
930 800 1097 883 aliquanto
1126 800 1301 886 ampliores

155 929 227 973 8888
254 931 313 973 888
342 929 471 972 servare
501 905 730 970 vocabulorum
754 905 976 990 integritatem
999 906 1119 987 solent,
1144 912 1176 972 et
1204 908 1303 973 certis

154 1015 190 1078 in
218 1015 366 1098 partibus
393 1013 554 1097 certisque
582 1011 763 1077 intervallis
786 1017 854 1077 tam
883 1017 1073 1078 constanter
1095 1013 1246 1096 redeunt,
1267 1018 1304 1079 ut

156 1121 203 1185 eis
225 1121 259 1185 18
283 1120 432 1206 partibus
456 1119 598 1184 codicem
623 1123 780 1203 appareat
797 1119 849 1183 vel
868 1119 1000 1185 madore
1019 1120 1071 1185 rel
1094 1119 1207 1205 aliquo
1226 1142 1302 1185 casu

154 1228 261 1292 labem
281 1226 482 1292 contraxisse
500 1246 558 1308 per
577 1224 702 1308 aliquot
723 1226 929 1290 membranas
948 1227 1117 1291 continuas
1140 1227 1305 1311 pertinen·

154 1336 231 1416 tem,
254 1334 288 1398 iu
312 1333 451 1419 singulis
471 1336 578 1396 autem
602 1331 730 1416 paginis
754 1355 813 1417 per
837 1332 985 1397 binorum
1004 1337 1212 1400 ternorumre
1235 1355 1304 1399 rer-

157 1461 250 1503 suum
275 1440 432 1504 ambitum
456 1440 646 1522 porrectam.
688 1438 725 1502 ld
749 1438 989 1504 evidentissime
1018 1439 1067 1505 bis
1090 1439 1216 1506 factum
1239 1444 1302 1506 est:

154 1547 294 1630 primum
328 1569 386 1631 per
418 1550 541 1630 septem
580 1545 715 1629 paginas
748 1545 917 1610 continuas
948 1569 978 1612 8.
1002 1546 1135 1632 51188.
1168 1547 1301 1631 53188.

154 1652 220 1718 554
234 1676 281 1737 88.
305 1655 371 1718 574
385 1675 453 1739 sqq.
474 1652 622 1735 596888.
641 1653 705 1716 618
721 1674 768 1736 88.
788 1651 858 1736 (ubi
878 1655 939 1717 etsi
958 1674 1023 1718 uon
1042 1652 1183 1718 multum
1203 1653 1301 1735 deest

152 1760 317 1824 turbatum
351 1764 401 1823 est
433 1765 542 1823 tamen
566 1754 794 1844 aliquantum).
827 1759 892 1823 644
907 1780 970 1843 sq:
1002 1759 1120 1824 iterum
1153 1780 1213 1844 per
1245 1781 1299 1824 sex

152 1867 289 1951 paginas
309 1889 337 1930 v.
353 1866 417 1930 703
433 1887 500 1950 sqq.
522 1865 584 1929 723
601 1886 668 1949 sqq.
689 1865 752 1928 143
768 1888 814 1950 88.
835 1865 899 1929 163
914 1887 983 1948 sqq.
1003 1866 1067 1933 783
1082 1887 1152 1951 sqq.
1172 1864 1238 1931 802
1252 1888 1298 1951 sq.

153 1973 274 2049 Quodsi
303 1972 487 2038 memineris
511 1975 544 2034 et
567 1993 756 2035 scaenarum
779 1970 966 2036 interstitiis
989 1972 1137 2058 singulos
1160 1971 1297 2037 binosre

152 2100 264 2143 versus
288 2079 477 2143 tribuendos
501 2099 584 2161 esse,
607 2082 640 2142 et
664 2100 761 2142 unum
790 2079 967 2142 alterumve
990 2101 1120 2143 versum
1143 2098 1204 2162 per
1226 2078 1300 2143 duo

151 2208 221 2249 rum
251 2184 392 2270 spatium
421 2185 564 2269 potuisse
594 2188 726 2269 propter
749 2184 884 2249 nimiam
911 2185 1149 2269 longitudinem
1179 2184 1299 2269 disper·

150 2292 248 2356 titum
273 2313 351 2375 esse,
375 2295 544 2375 praeterea
563 2294 672 2354 autem
691 2294 845 2376 quattuor
863 2290 897 2354 18
918 2290 1076 2356 Palatinis
1095 2295 1174 2376 post
1192 2314 1222 2357 8.
1234 2292 1298 2357 549

153 2421 264 2463 versus
288 2398 354 2483 legi
377 2398 514 2464 anobis
539 2419 576 2462 eo
601 2399 670 2463 1888
695 2397 827 2481 deletos,
850 2419 915 2462 nou
939 2397 1004 2482 legi
1028 2404 1137 2463 autem
1162 2398 1211 2464 eis
1229 2399 1298 2484 qui-

151 2506 212 2569 bus
237 2527 296 2569 nos
319 2504 521 2589 reposuimus
540 2504 621 2568 locis
641 2507 796 2587 quattuor
818 2503 900 2569 81188
926 2504 988 2569 631
1005 2525 1061 2590 sq,
1085 2505 1152 2571 640
1166 2526 1223 2591 sq.,
1246 2506 1297 2570 vix

153 2611 324 2697 quicquam
345 2611 386 2676 ad
405 2612 636 2696 aequalitatem
656 2611 835 2693 spatiorum
855 2610 1062 2696 desiderabis,
1076 2612 1132 2676 sed
1151 2612 1298 2699 singulas

150 2719 282 2782 lacunas
311 2719 482 2803 intelleges
510 2718 638 2782 circiter
663 2715 742 2780 XXI
772 2738 923 2781 versuum
946 2717 1126 2782 intervallis
1151 2719 1238 2784 inter
1264 2740 1296 2784 se

150 2824 305 2890 discretas
329 2846 407 2889 8888.
425 2861 468 2870 -
491 2824 664 2888 Potueram
688 2823 829 2887 eiusdem
850 2822 1024 2888 distantiae
1047 2824 1181 2890 modulo
1200 2826 1296 2891 etiam

152 2931 226 2996 illas
247 2933 379 2996 1888888
398 2931 539 2995 dimetiri
558 2953 640 3016 quae
659 2934 736 2994 sunt
754 2953 782 2994 8.
798 2929 862 2995 845
875 2953 944 3015 888.
968 2929 1113 3016 864888.
1132 2936 1167 2996 81
1185 2954 1293 2997 rursus

150 3061 178 3102 8.
199 3040 284 3103 1123
300 3060 368 3122 sqq.
394 3039 480 3102 1144
495 3059 576 3121 sqq,
600 3037 663 3101 nisi
683 3059 722 3101 ea
740 3036 945 3102 ratiocinatio
969 3037 1069 3102 fallax
1091 3044 1181 3103 esset
1202 3060 1296 3123 prop·

147 3152 250 3228 terea,
283 3143 368 3228 quod
406 3144 457 3208 his
494 3143 622 3228 quidem
661 3143 695 3207 18
728 3142 875 3227 partibus
908 3143 1089 3227 scripturae
1132 3145 1295 3211 mutilatio

151 3249 284 3314 minime
308 3250 456 3314 substitit
479 3250 511 3313 in
536 3250 686 3314 binorum
705 3252 935 3334 ternorumque
955 3272 1105 3317 versuum
1124 3253 1294 3338 angustiis,

149 3356 206 3419 sed
229 3357 331 3421 multo
355 3357 452 3421 latius
478 3361 616 3442 evagata
640 3357 900 3420 membranarum
925 3358 1124 3442 corruptelas
1148 3362 1183 3423 et
1199 3358 1295 3445 longe

150 3461 322 3546 ampliores
347 3468 379 3527 et
406 3464 511 3547 magis
534 3463 642 3528 varias
670 3467 818 3528 testatur.
853 3461 891 3525 Id
914 3463 1000 3546 quod
1029 3465 1076 3530 ita
1100 3486 1172 3531 esse
1202 3464 1295 3530 facile

152 3569 322 3655 apparebit
346 3593 372 3634 v.
392 3570 458 3634 850
473 3591 540 3654 sqq.
569 3571 632 3635 858
648 3593 715 3654 sqq.
745 3569 809 3635 885
824 3591 891 3653 sqq.
922 3570 1009 3635 1110
1023 3593 1094 3656 sqq.
1124 3572 1213 3637 1160
1226 3594 1294 3658 sqq.

149 3677 302 3741 intuenti:
326 3698 462 3760 quarum
486 3675 628 3760 partium
650 3675 806 3760 quasdam
824 3697 889 3741 non
913 3677 1012 3742 mirer
1031 3677 1060 3742 si
1079 3677 1179 3743 cribri
1197 3700 1293 3763 quam

149 3784 224 3849 libri
248 3784 420 3848 similiores
444 3783 570 3847 dixeris.
605 3776 714 3867 Atque
736 3783 789 3848 hio
813 3783 854 3847 ad
877 3787 1062 3869 temporum
1084 3783 1292 3869 iniquitatem

149 3892 286 3956 88888811
312 3891 517 3954 librariorum
547 3889 693 3954 socordia
721 3894 778 3955 aut
805 3890 1024 3955 omittentium
1052 3912 1135 3974 quae
1166 3897 1293 3956 servata

149 4002 257 4061 essent
284 3997 316 4061 in
345 3998 521 4082 archetypo
546 4000 603 4060 aut
632 3996 841 4062 evanidorum
870 3997 1041 4061 intervalla
1067 4019 1135 4062 non
1164 4018 1293 4063 servan·

148 4104 238 4167 tium.
280 4101 403 4168 Contra
426 4127 508 4188 quae
531 4103 608 4167 illae
633 4125 712 4187 quas
736 4108 831 4168 88188
853 4103 1029 4188 perstrinxi
1058 4104 1195 4169 lacunae
1224 4109 1293 4170 tau·

148 4215 217 4273 tum
241 4233 307 4274 non
330 4232 442 4275 omnes
466 4210 544 4294 ipsis
568 4209 670 4275 oculis
691 4198 848 4295 apparent
870 4210 905 4274 in
924 4210 1082 4276 Palatinis
1101 4210 1155 4275 881
1179 4211 1294 4277 saltam

148 4316 180 4377 iu
205 4317 251 4400 B,
280 4316 396 4400 quippe
426 4318 533 4381 vacuis
567 4317 682 4401 spatiis
715 4319 825 4402 eisque
858 4318 1048 4402 plerumque
1081 4317 1295 4401 amplioribus

149 4443 245 4504 quam
270 4444 351 4505 opus
374 4422 481 4487 fuerat
508 4424 646 4489 relictis:
671 4445 734 4509 quo
756 4424 876 4489 certius
900 4423 996 4489 nobis
1019 4423 1059 4488 de
1087 4424 1296 4508 paucissimis
