2910 5528
250 337 341 394 svin
720 335 926 411 Perusino

251 503 494 585 demonstravit,
517 502 643 566 efficere
665 503 776 585 voluit,
799 506 836 565 ut
858 503 938 567 haec
962 523 1090 587 quoque
1112 502 1310 567 detrimenta
1330 523 1397 567 me

252 613 322 673 tam
349 609 541 694 paginarum
570 609 779 693 attingerent.
817 608 887 672 Iam
911 631 1106 695 quamquam
1134 608 1289 673 facillime
1316 611 1398 673 eins·

252 716 338 780 modi
359 715 484 779 damnis
505 715 669 799 margines
689 713 776 779 affici
795 719 955 798 poterant,
977 721 1086 780 tamen
1106 715 1207 780 etiam
1229 715 1265 780 in
1285 717 1399 781 mediis

253 823 384 907 paginis
405 822 537 885 fissuras
557 821 778 904 scissurasque
793 826 826 885 et
845 822 879 885 in
898 822 971 886 aliis
991 822 1111 886 fabulis
1129 821 1400 905 deprehendimus

253 934 285 992 et
312 930 346 992 in
374 927 576 992 Mostellaria
605 949 704 1011 supra
731 928 911 992 deteximus
940 931 974 992 et
1002 928 1088 991 infra
1114 927 1314 1012 detegemus.
1350 928 1401 993 Ex

252 1035 315 1100 alia
343 1040 435 1118 parte
459 1032 617 1117 Seyfferto
646 1023 819 1098 concedere
846 1055 912 1099 non
935 1056 1107 1118 possumus
1130 1032 1288 1119 ‘simplici
1311 1056 1399 1100 com-

252 1140 436 1226 putatione'
464 1162 613 1205 versuum
647 1140 681 1204 in
707 1139 742 1204 B
772 1145 974 1206 servatorum
1008 1164 1043 1205 se
1073 1141 1230 1225 effecisse,
1258 1145 1297 1206 nt
1324 1141 1399 1205 illae

252 1250 385 1313 lacunae
409 1251 556 1312 accurate
575 1247 638 1311 sibi
663 1248 901 1331 responderent,
925 1248 1008 1331 quod
1029 1247 1174 1313 artificiis
1193 1246 1324 1312 demum
1344 1248 1399 1312 ad·

254 1354 369 1419 hibitis
399 1354 651 1418 Gundermanno
680 1354 880 1438 contigisset
917 1353 1002 1418 Nam
1026 1354 1163 1438 simplex
1190 1353 1247 1418 illa
1270 1375 1401 1438 compn-

255 1460 337 1524 tatio
362 1459 408 1523 sic
427 1459 555 1522 demum
575 1459 735 1539 consistit,
759 1460 786 1523 si
806 1481 879 1524 cnm
899 1457 1056 1543 Seyfferto
1075 1459 1209 1524 infolio
1227 1457 1311 1526 VIII
1329 1461 1399 1525 eins

254 1565 486 1650 quaternionis,
510 1587 605 1650 quem
626 1566 659 1629 in
679 1566 865 1630 universum
884 1565 1063 1631 rectissime
1082 1565 1235 1649 restituit,
1258 1567 1401 1652 quinque

252 1695 402 1737 versuum
434 1672 582 1736 lacunam
614 1671 816 1736 admittimus
845 1669 940 1758 (post
962 1693 991 1737 v.
1012 1668 1104 1757 796):
1133 1694 1198 1755 qua
1224 1672 1260 1737 in
1290 1696 1326 1739 re
1355 1674 1396 1739 fe

255 1779 377 1844 fellisse
397 1778 581 1862 opinionem
596 1780 701 1842 virum
718 1778 941 1844 doctissimum
956 1800 1028 1843 cnm
1044 1775 1299 1844 Gundermanno
1318 1780 1399 1845 iudi·

253 1909 371 1952 camus.
400 1887 509 1970 Atque
529 1885 567 1949 ad
583 1885 822 1950 dubitationem
837 1885 876 1950 dc
895 1886 956 1950 hac
974 1907 1008 1949 re
1026 1889 1150 1950 motam
1169 1907 1257 1950 nova
1276 1887 1401 1952 accedit

251 2016 290 2057 ex
310 1993 494 2057 coniectura
513 1998 634 2076 nostra,
654 2014 718 2076 qua
737 1993 801 2056 alio
821 1992 934 2076 potius
955 1992 1026 2056 loco
1046 1994 1145 2056 trium
1165 1992 1399 2073 versiculorum

252 2100 401 2164 lacunam
433 2099 467 2162 in
498 2099 674 2181 archetypo
703 2098 935 2163 admittendam
963 2119 1033 2163 esse
1063 2099 1242 2182 posuimus.
1286 2097 1400 2185 Neque

253 2206 314 2270 hae
338 2205 427 2270 solae
447 2226 498 2269 res
518 2205 634 2268 dubiae
658 2210 742 2268 sunt.
774 2203 858 2269 Nam
879 2209 915 2268 ut
934 2204 1063 2268 mittam
1082 2201 1200 2287 alia*),
1222 2206 1290 2269 iam
1309 2203 1400 2290 Seyf-

251 2313 355 2376 fertus
381 2335 418 2375 ex
443 2310 686 2393 computatione
706 2332 765 2374 sua
784 2311 910 2374 efficere
930 2311 1056 2375 studuit
1075 2333 1103 2375 v.
1117 2311 1183 2377 833
1202 2334 1299 2396 quem
1319 2337 1400 2379 unus

252 2419 284 2482 A
308 2418 459 2501 servavit,
478 2439 549 2481 cum
570 2417 687 2502 reliqui
710 2421 842 2501 propter
862 2416 996 2481 eundem
1016 2437 1088 2480 cnm
1108 2418 1312 2484 antecedenti
1338 2423 1400 2485 eri·

256 2531 324 2588 tum
344 2522 508 2611 (uolturios
522 2521 613 2610 duos)
632 2523 855 2606 transilierint,
876 2524 909 2586 in
929 2521 1103 2606 archetypo
1122 2524 1222 2588 etiarn
1243 2527 1400 2592 extitisse.

253 2631 340 2695 ldem
365 2632 477 2696 cadere
496 2635 606 2715 potest
624 2631 657 2693 in
675 2652 705 2694 v.
720 2631 781 2694 951
804 2634 838 2693 et
857 2652 886 2693 v.
897 2630 988 2693 9742
995 2678 1003 2711 ,
1026 2629 1105 2692 item
1123 2637 1261 2714 propter
1278 2634 1399 2697 exitum

252 2760 429 2823 congruum
454 2761 524 2803 cum
547 2761 574 2801 v.
594 2737 794 2801 antecedenti
819 2736 957 2819 (aeditus
979 2740 1013 2800 et
1035 2734 1157 2822 arinis),
1179 2742 1213 2802 et
1236 2739 1273 2803 in
1292 2763 1321 2804 v.
1336 2740 1400 2804 990

253 2848 385 2927 propter
409 2845 493 2909 idern
518 2867 591 2908 cunr
615 2845 763 2928 sequenti
788 2845 917 2908 initium
941 2838 1073 2929 (Puera)
1095 2843 1128 2907 in
1152 2843 1246 2909 libris
1271 2851 1400 2930 praeter

252 2952 284 3015 A
307 2953 532 3016 transmissos:
556 2951 610 3034 qui
634 2973 745 3014 versus
774 2955 883 3014 utrum
913 2950 945 3014 in
970 2971 1008 3013 eo
1032 2949 1226 3035 archetypo,
1250 2954 1308 3035 qui
1339 2954 1401 3036 ple·

252 3080 368 3141 rosque
393 3058 525 3122 lacunas
550 3078 719 3140 perpessus
744 3058 800 3135 sit,
825 3079 865 3119 an
893 3057 956 3120 iarn
982 3057 1015 3120 in
1039 3056 1145 3138 priore
1175 3078 1216 3120 an
1242 3058 1343 3123 etiam
1368 3061 1400 3123 in

253 3165 432 3247 posteriore
466 3163 578 3227 omissi
610 3162 689 3241 sint,
722 3163 869 3246 quisnam
902 3167 991 3227 certa
1024 3163 1151 3227 ratione
1184 3162 1400 3229 diiudicabit?

253 3269 351 3334 Velut
374 3294 401 3335 v.
423 3271 505 3334 1081
536 3269 625 3335 solus
653 3268 794 3333 servavit
816 3269 864 3334 B:
893 3270 927 3332 in
951 3269 1130 3352 archetypo
1154 3269 1285 3333 demum
1314 3272 1401 3335 codi-

254 3398 325 3439 cum
341 3378 404 3441 01)
423 3381 553 3460 propter
572 3378 676 3441 exitus
697 3376 922 3460 repetitionem
943 3371 1062 3462 (rapat)
1082 3373 1263 3441 intercidit:
1287 3383 1401 3442 contra

253 3506 279 3547 v.
298 3484 379 3548 1051
407 3482 496 3546 solus
516 3483 549 3546 B
568 3483 679 3546 omisit
693 3480 750 3565 (-
766 3481 832 3566 cst).
864 3483 953 3546 ldcm
973 3483 1059 3546 valet
1073 3481 1112 3546 de
1131 3503 1159 3547 v.
1180 3486 1256 3566 post
1270 3507 1298 3548 v.
1315 3486 1400 3549 1085

253 3591 382 3667 amisso,
402 3611 493 3672 quem
514 3588 689 3672 Seyffertus
710 3589 790 3653 ‘sinc
811 3587 921 3653 dubio'
940 3590 1005 3652 iam
1025 3588 1064 3651 ab
1085 3587 1261 3672 archetypo
1282 3591 1401 3655 afuisse

252 3697 444 3777 affirmavit,
467 3718 532 3760 non
557 3695 804 3759 demonstravit:
828 3716 904 3758 nam
928 3695 955 3758 si
976 3717 1003 3759 v.
1024 3696 1089 3760 833
1112 3695 1221 3778 potuit
1244 3698 1344 3761 etiam
1369 3699 1400 3761 in

253 3804 429 3887 archetypo
449 3804 504 3866 illo
523 3803 638 3886 inesse,
657 3801 810 3885 quidnam
830 3801 1025 3866 discriminis
1044 3798 1128 3864 inter
1147 3800 1234 3866 hunc
1255 3807 1287 3865 et
1309 3804 1401 3868 illum

340 3980 366 4047 *)
394 3979 479 4032 Velut
498 3979 572 4046 quod
591 3976 743 4046 Seyffertus
767 3977 877 4029 etcum
901 3992 935 4029 eo
955 3976 1187 4030 Gundermannus
1210 3993 1236 4032 v.
1253 3978 1402 4049 casolata

252 4074 285 4109 ex
309 4057 406 4112 littera
428 4057 584 4111 maiuscula
607 4057 684 4110 vocis
709 4056 789 4109 Milia
813 4059 858 4124 (=
879 4057 965 4124 Mihi)
994 4055 1165 4110 concludunt
1187 4055 1219 4110 in
1246 4058 1402 4128 archetypo

252 4135 338 4187 etiam
357 4151 482 4190 seorsum
501 4137 636 4204 scriptum
650 4134 735 4188 fuisse
750 4135 926 4202 versiculum,
945 4134 1131 4189 maiusculam
1150 4135 1204 4191 hoc
1224 4136 1288 4191 loco
1308 4142 1400 4192 utrum

163 4227 170 4243 ·
252 4218 366 4282 propter
389 4234 484 4270 versus
514 4215 696 4269 interstitium
725 4234 760 4268 an
787 4218 904 4283 propter
927 4231 1030 4268 novam
1058 4216 1209 4283 personam
1237 4214 1404 4273 adhibuerit

252 4293 390 4358 librarius,
410 4294 533 4348 discerni
552 4297 657 4362 nequit.
685 4294 758 4359 Quin
776 4295 861 4348 immo
877 4312 937 4348 cnm
953 4293 1086 4349 traiectus
1105 4295 1338 4365 traiciendnsque
1358 4299 1403 4365 sit,

251 4373 295 4424 vel
325 4373 395 4425 illud
424 4374 544 4440 cogitari
572 4377 679 4442 potest,
708 4374 737 4426 in
760 4376 913 4442 archetypo
936 4391 998 4429 eum
1023 4373 1053 4427 in
1082 4375 1209 4446 margine
1237 4378 1402 4447 suppletum

252 4451 370 4519 ideoque
391 4453 482 4506 alicno
502 4452 564 4506 loco
583 4454 694 4509 illatum
714 4471 781 4509 csse.
