2910 5528
621 32 644 49 ¹0

621 48 657 69 m·

620 74 639 147 Ι.

121 31 1083 407 u

121 806 142 861 [Ι
163 813 187 876 1,
206 813 312 863 41-53
580 807 777 864 Pounvnvs
1208 809 1249 874 67

121 970 308 1057 ittrepidate
332 971 461 1037 editam:
485 995 560 1037 nam
585 995 644 1038 uos
668 972 881 1057 ddproperare
904 973 991 1038 haud
1013 975 1153 1058 pdstulo.
1263 1028 1266 1033 .

608 1077 747 1131 Ausucum

121 1166 142 1231 31'
162 1167 241 1252 quid
263 1171 300 1232 tu
318 1169 444 1252 placide
464 1168 630 1253 dtioseque
651 1169 745 1254 sigere
768 1170 827 1248 uis,
852 1171 982 1253 operam
1002 1169 1128 1235 damus:
1196 1187 1247 1235 ecs

121 1272 143 1337 31‘
162 1295 327 1360 properas,
350 1277 495 1340 cursores
520 1275 653 1340 meliust
676 1281 708 1338 te
731 1275 907 1342 aduocatos
931 1276 1053 1342 ddcere.

224 1371 228 1378 Ι
576 1393 783 1443 Aoosassocnus

121 1477 304 1566 icitia-,rem
328 1480 458 1545 narraui
482 1481 589 1566 uobis,
614 1484 694 1565 qudr
718 1486 830 1545 nostra
853 1503 951 1566 opera
976 1480 1020 1545 mi
1043 1482 1123 1566 dpus
1148 1481 1218 1566 siet,

121 1587 153 1650 te
174 1587 290 1651 lenone
313 1587 374 1652 hoe
398 1587 455 1671 qui
477 1609 527 1651 me
552 1592 714 1652 amantem
737 1588 922 1653 ludificatur
944 1590 1011 1653 tum
1035 1588 1104 1653 diu:

121 1690 147 1756 11‘
166 1699 300 1777 paratae
323 1698 360 1759 ut
384 1692 450 1758 siut
473 1694 609 1759 insidiae
633 1693 671 1757 de
695 1700 774 1758 astro
799 1695 892 1759 etde
916 1697 1010 1759 serud
1035 1718 1116 1760 meo.

607 1801 745 1853 Anvocnm

121 1871 221 1952 imnis
246 1890 348 1954 istaec
372 1887 490 1955 scimus
514 1891 579 1954 iam
603 1912 673 1974 nos,
696 1889 786 1954 sihi
807 1893 1005 1974 spectatores
1031 1891 1140 1956 sciant.
1196 1907 1247 1955 550

121 1993 236 2060 [druna
258 1996 311 2061 hic
335 2019 419 2061 nune
443 2001 541 2061 eausa
562 1998 642 2061 haec
666 1997 773 2080 agitur
797 2000 1017 2080 spectatorum
1040 1998 1164 2062 fabula:

121 2100 173 2169 [os
198 2106 231 2166 te
255 2104 359 2169 satius
383 2107 434 2169 e'st
456 2104 636 2187 docerent,
662 2103 790 2186 qudndo
814 2123 908 2187 ages,
932 2101 1008 2188 quid
1032 2104 1111 2186 agas
1136 2102 1248 2167 sciant.

121 2207 170 2272 tos
193 2213 230 2273 tu
252 2232 293 2274 ne
313 2211 464 2275 curassis:
489 2211 607 2274 scimus
626 2231 694 2273 rem
713 2212 856 2292 dmum,
880 2210 999 2293 quippe
1019 2211 1131 2273 omnes
1151 2209 1248 2273 simul

121 2313 413 2394 tidicimus,teeum
438 2321 517 2400 dna,
540 2320 577 2381 ut
599 2316 792 2399 respondere
815 2319 978 2399 possimus
1002 2317 1071 2382 tibi.

569 2420 775 2474 Auonnsrocuas

121 2516 153 2576 ta
174 2511 361 2596 profectost.
398 2512 453 2576 sed
478 2513 566 2596 agite
590 2512 698 2595 igitur,
721 2515 758 2574 ut
781 2512 880 2575 seiam
903 2535 962 2577 uos
987 2510 1067 2577 scire
1089 2533 1167 2594 rem,
1195 2527 1247 2576 5⁶5

121 2617 260 2702 {xpedite
284 2617 374 2703 mihi,
398 2641 480 2704 quae
503 2619 597 2683 uobis
621 2619 741 2682 dudum
765 2618 840 2701 dixi,
863 2618 968 2684 dieite.

135 2811 169 2848 ea
189 2812 205 2849 o
226 2794 254 2850 0.
278 2797 388 2850 ueloces
409 2795 434 2847 Z
505 2811 556 2848 nec
576 2791 696 2846 orbitam
716 2793 779 2847 01).
804 2795 977 2849 uecorbitam
996 2795 1030 2849 Β.
1055 2811 1106 2848 nec
1125 2793 1246 2848 orbitam

121 2875 205 2944 liquot
228 2875 294 2929 libri
311 2874 408 2929 Nouii.
438 2892 489 2928 nec
513 2873 650 2927 corbitam
669 2873 780 2927 Nouius
802 2889 829 2940 p.
849 2878 903 2927 533
927 2877 1040 2944 deinque
1056 2891 1085 2943 p.
1105 2878 1161 2927 532
1179 2888 1247 2926 uon·

121 2955 173 3008 uui
187 2956 262 3010 codd.
278 2970 333 3008 non
349 2955 486 3009 corbitam
502 2954 531 3005 F
596 2959 655 3008 544.
671 2954 709 3006 At
724 2951 864 3020 trepidate
877 2954 974 3008 ΒΒΖ.
995 2953 1166 3022 Attrepitate
1182 2951 1247 3019 01),

121 3034 256 3087 tambiuua
363 3034 551 3102 adproperare
580 3032 621 3098 B,
652 3032 754 3101 ‘prisco
782 3035 965 3101 cantaplorio'
1001 3035 1057 3088 Pii.
1090 3031 1246 3101 adprobare

121 3113 201 3181 aliqui
273 3118 332 3166 545.
349 3113 489 3168 Persam.
508 3112 566 3165 ΟΒ
639 3112 802 3180 siquidBG
872 3113 981 3183 placide
1000 3116 1058 3182 atq,
1074 3113 1117 3180 D,
1136 3130 1195 3179 exp.
1211 3128 1245 3165 m.

136 3219 179 3272 uel
197 3224 213 3272 1
315 3218 406 3272 ociose
426 3237 479 3285 qne
494 3219 531 3274 Β.
551 3206 756 3287 οοίοέοφιεθ
843 3226 902 3274 546.
921 3199 952 3273 'Si
965 3219 988 3285 (i
1002 3221 1033 3274 in
1048 3221 1102 3287 tit.)
1114 3195 1247 3287 properis

121 3300 126 3343 ·'
221 3297 320 3351 melius
346 3297 698 3365 siBtlt'siteffltitem).
727 3300 826 3354 melius
850 3300 941 3355 estF
1034 3299 1065 3353 V.
1090 3302 1247 3354 547—608

121 3395 187 3450 ipre
205 3379 327 3432 diximus
346 3379 376 3431 in
395 3379 422 3430 Β
438 3379 580 3431 collocatos
599 3394 651 3433 esse
666 3385 729 3448 post
747 3397 773 3434 u.
793 3385 847 3435 479
942 3387 1002 3436 547.
1024 3379 1100 3434 Pers.
1120 3395 1170 3434 om.
1192 3378 1247 3434 01>

172 3475 244 3525 quor
258 3458 431 3512 Ritscddtus.
451 3457 526 3526 quod
542 3452 617 3511 ctera
634 3459 701 3527 quoi
716 3460 878 3516 Lambinus.
894 3478 949 3530 quo
967 3460 1131 3530 Muduipius
1147 3458 1246 3528 Opusc.

121 3538 140 3590 I
142 3555 172 3608 p.
184 3541 251 3592 238.
266 3538 333 3606 quid
349 3539 493 3608 Ussiupius
535 3542 628 3592 uestra
638 3540 704 3592 libri
747 3558 832 3611 opera
842 3543 911 3596 mihi
926 3542 985 3596 ΒΖ.
1001 3538 1156 3611 operamini
1166 3538 1247 3593 1301)

181 3617 316 3672 ‘Ceterum
334 3619 410 3672 houd
427 3621 483 3673 seio
498 3636 535 3672 aa
545 3624 627 3686 pactu
645 3621 749 3674 dederit
763 3638 833 3689 quor
846 3621 916 3676 mihi
934 3624 1030 3677 nostra
1049 3623 1161 3691 operast
1175 3638 1245 3690 opus

121 3699 265 3751 recensetus
337 3704 396 3752 548.
417 3697 601 3753 DelenoneO
671 3717 761 3753 meam
782 3702 918 3755 antcmB
992 3702 1099 3755 tamdiu
1117 3699 1175 3752 Bc

121 3784 159 3834 [9.
175 3779 273 3846 parate
292 3778 322 3830 1)
394 3778 483 3833 utsint
501 3780 528 3831 Β
601 3779 747 3833 deauroB
821 3782 937 3834 deseruo
958 3780 1014 3833 01)
1087 3786 1146 3833 550.
1168 3779 1244 3832 Pers.

121 3879 149 3916 u,
171 3859 195 3913 0
262 3859 332 3932 istac
348 3860 376 3916 G.
396 3859 466 3914 istec
480 3860 547 3913 DZ.
570 3862 645 3913 staec
660 3861 687 3912 Β
742 3859 764 3912 si
780 3860 823 3914 his
838 3862 999 3930 peccatores
1012 3859 1047 3911 Β.
1068 3856 1123 3909 sibi
1138 3860 1245 3924 spect-a-

121 3957 174 3994 ues
206 3938 303 3993 ΒΓΖ
413 3939 526 3993 Versum
559 3940 626 3993 delet
658 3939 808 4007 Laupcuus
833 3958 861 4008 p.
891 3944 927 3993 is
1040 3942 1100 3989 551.
1132 3934 1246 3987 Herone

121 4018 284 4073 emeterius.
304 4018 413 4072 Horunt
428 4025 456 4087 (o
470 4021 501 4073 iu
516 4021 601 4073 lituro
612 4036 665 4088 pro
676 4024 718 4085 os)
732 4020 765 4072 Β.
786 4021 892 4074 Horum
906 4018 1004 4085 relique¹
1057 4015 1104 4068 hic
1118 4014 1244 4084 Pylades.

121 4126 166 4178 nic
182 4124 210 4179 0.
231 4125 294 4178 hine
308 4127 408 4194 reliqui
480 4128 548 4180 haec
564 4126 657 4194 agitur
670 4127 705 4180 Β.
726 4126 819 4194 agitur
833 4126 903 4178 haec
916 4123 1016 4192 reliqui
1087 4095 1244 4191 specti‘ium

121 4208 126 4251 t
211 4203 324 4258 Versum
348 4207 541 4274 interpolatum
566 4223 619 4260 esse
633 4223 712 4274 posse
731 4223 763 4259 ec
784 4206 882 4258 Pseud.
903 4222 926 4258 u.
947 4209 1004 4258 720
1027 4202 1095 4254 dicit
1119 4200 1244 4269 Unipsen-

121 4286 214 4339 aetius
234 4286 325 4340 Melet.
347 4287 391 4339 Pi.
408 4304 438 4354 p.
460 4292 495 4340 13
568 4293 628 4339 552.
648 4286 749 4339 Hostes
774 4287 804 4337 at
823 4285 865 4338 ius
884 4282 954 4336 BD.
980 4283 1080 4334 Hostes
1104 4286 1135 4334 at
1153 4282 1195 4333 uis
1216 4279 1244 4334 G.

121 4363 290 4430 oscesatias
308 4365 343 4420 Β.
373 4366 457 4418 hosce
477 4363 585 4417 sautius
603 4365 629 4417 Ζ
704 4382 783 4433 ages,
803 4363 870 4431 quid
890 4381 956 4433 agas
976 4362 1148 4415 Ritachelius.
1176 4377 1244 4429 agas

121 4443 171 4497 uid
186 4446 273 4512 agant
288 4445 592 4514 licrt(quiuagant13).
611 4454 688 4513 agas,
702 4445 769 4512 quid
780 4462 847 4513 agas
857 4444 1005 4498 Aeidotius
1059 4448 1118 4496 553.
1130 4454 1244 4496 necuras

121 4524 177 4578 sB
236 4531 295 4578 554.
315 4524 464 4578 didicimus
481 4526 512 4577 Z.
533 4524 691 4577 Dedicimus
706 4523 804 4579 1301).
824 4524 987 4579 deducimus
1001 4523 1031 4576 F
1087 4523 1132 4576 hie
1156 4521 1237 4591 possi-

121 4621 163 4658 tus
173 4604 338 4658 Ritsedelius
402 4612 461 4658 555.
473 4605 545 4656 Pers.
558 4621 607 4657 om.
620 4603 676 4657 01)
744 4605 868 4673 profecto
877 4609 939 4674 (pro
950 4605 1024 4658 fecto
1035 4603 1067 4670 O)
1078 4606 1121 4657 est
1131 4608 1192 4670 (osa.
1204 4602 1243 4670 F)

121 4686 166 4739 bri
229 4684 731 4753 senagiueun'x.esetagit013
794 4685 882 4754 agite,
902 4684 1175 4753 igitura‘utcrpuupit
1189 4683 1243 4738 Bo-

121 4767 175 4820 u'ue
237 4767 289 4819 Ad.
311 4767 377 4833 (Βῖ)
395 4766 482 4834 igitur
500 4766 529 4818 D
598 4765 625 4816 ui
644 4764 671 4816 Β
744 4765 874 4819 scirerem
892 4765 964 4820 BD.
984 4763 1062 4831 scire,
1082 4782 1140 4818 rem
1159 4765 1243 4818 inte-r·
1299 4814 1317 4843 o

121 4847 200 4915 unqit
217 4847 365 4901 Acidaiius
473 4852 532 4900 556.
556 4845 704 4913 Expedite,
729 4843 799 4899 mihi
822 4845 987 4900 Ritsehelius
1008 4845 1076 4899 duee
1098 4845 1235 4900 Lombiuo

122 4925 237 4996 xpedito
257 4926 375 4980 etmihi
394 4927 460 4981 libri
539 4943 593 4997 qus
614 4925 638 4978 0
712 4925 816 4978 dudum
834 4925 915 4981 uobis
932 4925 959 4977 Z
973 4925 1032 4980 solu

901 5011 1031 5068 ·a*
