2910 5528
148 332 265 388 XXXIV
620 330 826 386 PRAEFATIO

134 482 189 562 ⁴de
219 503 335 562 necato
367 496 494 580 hospite
521 519 593 562 cum
624 497 749 560 aedium
774 497 940 561 venditore
967 499 1144 561 transacta
1185 494 1283 582 Atque

150 604 212 669 hoc
231 604 292 668 etsi
306 604 414 668 habet
434 627 510 668 sane
534 603 657 687 aliquid
676 603 883 681 incommodi,
906 606 1017 667 tamen
1035 603 1140 668 multo
1162 605 1285 689 gravior

151 714 200 774 est
217 711 251 774 in
266 711 463 775 contrariam
481 715 607 794 partem
622 711 766 794 offensio,
781 732 880 794 eaque
894 709 1020 793 duplex.
1047 708 1136 773 Nam
1154 711 1286 793 primum

150 817 178 881 si
201 818 287 881 inter
307 817 429 881 abitum
450 816 663 900 Thenropidis
682 817 887 900 eiusdemque
905 816 1045 881 reditum
1065 819 1195 881 tantum
1213 820 1285 882 tcm-

151 925 253 1008 poris,
277 929 432 1007 quantum
457 923 541 987 inter
565 922 644 987 duos
664 928 754 987 actus
778 924 896 1006 potest,
918 922 1115 1006 intercessit,
1139 922 1216 1006 quid
1243 927 1287 988 est

151 1031 280 1095 tandem
301 1052 358 1094 cur
376 1051 487 1093 senem
505 1028 625 1093 Tranio
644 1052 672 1092 v.
687 1024 750 1093 541
772 1028 907 1092 miretur
925 1033 999 1092 tam
1017 1030 1090 1093 cito
1108 1050 1144 1093 se
1162 1028 1286 1094 domum

20 1142 24 1149 '
149 1136 313 1220 recipere?
354 1135 476 1200 Deinde
504 1143 613 1200 autcm
642 1136 725 1200 unde
748 1134 893 1219 tandem,
915 1138 1091 1219 postquam
1114 1134 1149 1199 in
1177 1157 1286 1202 scaena

150 1244 289 1326 primum
318 1249 512 1327 apparuerat
540 1242 682 1325 danista,
710 1242 819 1307 subito
848 1240 968 1306 Tranio
996 1241 1111 1306 adest?
1144 1241 1236 1308 nullo
1263 1243 1286 1307 is

151 1349 278 1433 quidem
294 1349 391 1413 verbo
407 1370 499 1412 suum
519 1348 691 1413 adventum
711 1348 906 1432 significans,
925 1346 981 1410 sed
1001 1346 1166 1412 danistam
1183 1348 1286 1433 potius

150 1477 260 1519 recens
284 1455 323 1518 ad
347 1477 380 1518 se
405 1455 553 1519 accedere
577 1454 663 1518 haud
687 1453 838 1538 ambigue
862 1458 986 1518 testans
1009 1476 1038 1518 v.
1052 1453 1118 1518 536
1141 1475 1226 1520 nunc
1238 1454 1289 1539 pol

150 1582 202 1644 epo
216 1563 302 1643 perii
313 1561 410 1641 plone
428 1562 464 1624 in
476 1567 656 1643 perpetuom
673 1562 813 1625 niodum
832 1561 959 1626 donato
972 1560 1059 1625 adest
1075 1580 1103 1624 e.
1113 1584 1143 1646 q.
1154 1582 1179 1625 s.
1210 1560 1289 1626 Hinc

152 1668 252 1752 igitur
280 1689 352 1732 cum
384 1668 463 1731 satis
491 1667 700 1752 intellegatur
728 1668 816 1731 nullo
845 1666 1018 1731 intervallo
1042 1666 1084 1731 ab
1112 1666 1177 1732 hac
1205 1690 1290 1752 supe

152 1775 271 1839 riorem
295 1796 444 1839 scaenam
469 1773 583 1856 excipi,
606 1774 686 1838 illud
711 1774 795 1858 quod
818 1777 914 1839 antea
935 1772 1031 1859 tetigi
1054 1772 1291 1840 incommodum

154 1880 241 1944 haud
266 1881 332 1945 scio
361 1902 402 1944 an
426 1881 495 1965 ipse
519 1884 617 1965 poeta
640 1880 750 1965 aliqua
769 1903 807 1944 ex
829 1884 922 1964 parte
946 1901 983 1945 eo
1007 1879 1152 1963 lenierit,
1179 1887 1217 1947 ut
1243 1886 1292 1946 aut

153 1985 324 2051 Tranionis
357 1987 390 2051 in
417 1987 481 2051 fine
505 1988 624 2070 prioris
653 2008 789 2051 scaenae
818 1990 875 2051 aut
905 1985 1001 2051 huius
1025 1986 1120 2050 initio
1150 1987 1293 2052 danistae

155 2115 336 2157 sermonem
361 2093 527 2176 aliquanto
547 2094 727 2176 longiorem
746 2093 869 2158 faceret
886 2114 983 2177 quarn
1002 2092 1030 2156 is
1054 2115 1140 2157 nunc
1164 2097 1294 2179 apparet

154 2201 187 2264 in
211 2200 385 2265 codicibus.
409 2235 451 2245 -
476 2197 597 2264 Contra
619 2199 700 2265 haec
723 2200 946 2282 percommode
969 2221 1007 2264 ac
1036 2220 1139 2283 paene
1162 2199 1294 2265 dixerim

155 2307 334 2370 necessario
358 2329 461 2389 pausa
479 2306 517 2370 fit
535 2311 612 2390 post
631 2329 658 2370 v.
673 2307 747 2372 430.
777 2305 841 2369 Vbi
861 2307 889 2371 si
907 2305 997 2371 nullo
1016 2306 1176 2389 temporis
1196 2306 1295 2390 spatio

155 2413 324 2477 interiecto
353 2412 575 2496 Thcuropides
604 2413 781 2495 adveniret,
810 2412 898 2477 haud
928 2412 1022 2477 dubie
1052 2413 1119 2477 tale
1147 2413 1295 2498 quiddam

156 2519 195 2584 de
214 2541 302 2584 more
317 2519 476 2584 adiectum
497 2519 690 2602 legeremus:
710 2525 799 2602 atque
812 2540 913 2585 eccum
926 2521 1019 2585 adest.
1032 2556 1075 2566 -
1091 2516 1296 2605 Consequens

156 2630 219 2709 est,
255 2631 291 2690 ut
318 2626 441 2710 primus
470 2630 562 2690 actus
592 2630 650 2690 aut
677 2648 771 2690 versu
794 2628 837 2692 83
865 2631 921 2690 aut
947 2648 1042 2691 versu
1067 2626 1132 2691 156
1161 2626 1296 2690 finiatur.

157 2733 258 2816 Atqui
282 2754 393 2797 versus
414 2732 486 2796 156.
513 2733 574 2797 157
601 2733 669 2796 sine
692 2755 795 2816 pausa
818 2732 1000 2798 continuari
1023 2733 1105 2797 satis
1130 2735 1295 2817 apparete

157 2839 356 2904 Philolachis
380 2839 486 2903 verbis
505 2862 534 2903 v.
557 2841 619 2904 162
640 2839 713 2904 haec
736 2840 823 2905 illust
839 2845 998 2922 tempestas
1015 2859 1098 2923 meo,
1121 2860 1202 2922 quac
1227 2837 1298 2904 aui

157 2948 335 3010 modestiam
358 2967 478 3010 omnem
501 2947 612 3010 (lctcuit
635 2951 727 3012 tectus
745 2968 808 3029 qua
823 2947 875 3026 fui
898 2969 925 3012 e.
940 2969 968 3030 q.
984 2969 1022 3012 a:
1046 2947 1166 3030 quibus
1192 2946 1246 3011 ille
1263 2944 1298 3009 ad

159 3076 251 3117 suum
284 3053 385 3137 ipsius
419 3075 599 3118 sermonem
628 3054 760 3137 respicit
787 3054 820 3117 in
852 3055 972 3118 amoris
1000 3074 1074 3118 cum
1109 3054 1297 3138 tempestate

159 3159 400 3241 comparatione
430 3161 609 3222 versantem
639 3181 667 3222 v.
691 3159 750 3223 108
767 3180 836 3242 sqq.
863 3159 933 3223 140.
977 3156 1045 3224 Nec
1068 3160 1219 3241 omnino,
1241 3179 1297 3244 qno

159 3264 289 3329 tandem
301 3266 435 3329 consilio
448 3266 482 3329 in
497 3287 644 3331 scaenam
661 3265 788 3349 prodire
803 3270 900 3347 pocta
910 3264 1131 3331 Philolachem
1147 3267 1299 3348 iussisset,

159 3371 410 3455 intellegeretur,
426 3373 454 3436 si
470 3394 542 3435 eum
557 3375 633 3455 post
647 3370 854 3454 soliloquium
869 3369 949 3434 illud
964 3371 1015 3455 (ut
1029 3393 1104 3436 cnm
1119 3372 1297 3459 Augustino

159 3475 288 3561 loquar)
316 3500 427 3541 rursus
456 3477 670 3542 discedentem
697 3476 827 3542 faceret.
868 3476 958 3561 Ergo
986 3477 1159 3544 incidenda
1182 3484 1233 3544 ast
1257 3477 1297 3542 fa·

159 3584 236 3648 bula
259 3588 335 3668 post
353 3606 519 3648 servorum
538 3584 570 3647 iu
590 3585 697 3668 prima
715 3604 832 3647 scaena
847 3582 1102 3668 altercationem,
1116 3606 1185 3670 qua
1200 3585 1297 3671 ipsum

161 3692 327 3756 exordium
352 3690 482 3755 fabulae
502 3691 684 3755 continetur
702 3689 850 3754 similiter
869 3693 966 3774 atque
984 3690 1018 3754 in
1037 3690 1145 3757 Milite
1166 3692 1297 3778 glorioso

159 3799 282 3863 factum
306 3802 364 3861 est.
407 3796 465 3861 Oui
490 3797 651 3861 dividendi
681 3797 799 3861 rationi
828 3797 913 3880 qnod
937 3819 1000 3862 non
1030 3798 1198 3864 immerito
1222 3798 1299 3884 quis-

160 3905 247 3990 piam
277 3905 406 3968 obstare
435 3908 528 3987 putet
555 3902 748 3968 discedentis
779 3926 808 3967 v.
828 3903 870 3968 83
895 3903 1080 3969 Gramionis
1108 3907 1207 3971 verba
1232 3925 1299 3970 nom

160 4031 278 4075 ccccm
305 4011 408 4074 erilem
430 4011 532 4091 tilium
560 4011 662 4092 ratleo,
685 4010 717 4072 id
745 4011 808 4075 etsi
831 4030 915 4096 nego
946 4013 1032 4075 recte
1056 4033 1096 4077 eo
1120 4008 1300 4095 excusari*)

161 4117 245 4199 quod
279 4116 377 4179 etiam
411 4116 488 4180 alibi
522 4117 560 4179 de
589 4116 778 4180 absentibus
811 4137 912 4181 remim
942 4117 1081 4182 scallam
1114 4118 1301 4202 pronomina

250 4291 275 4357 *)
295 4290 416 4342 Admisit
433 4291 505 4344 hanc
524 4292 732 4346 excusationem
751 4292 923 4347 Gustavus
944 4290 1156 4347 Schmituiuc
1180 4294 1302 4349 merens·

159 4368 254 4500 tiondist
271 4370 320 4423 ‘de
349 4374 461 4500 potuum
486 4372 515 4425 in
539 4371 677 4427 Plautinis
700 4372 803 4426 fabulis
826 4371 1030 4442 descriptione’
1057 4375 1174 4430 Bonnae
1196 4392 1222 4431 a.
1242 4378 1301 4429 18⁶2

161 4465 210 4516 pro
232 4450 241 4502 i
256 4466 287 4503 ae
307 4467 334 4518 p.
368 4455 392 4503 3.
