2910 5528
638 783 843 842 PRAEFATIO
1248 791 1312 847 xlx

184 950 257 1016 late
272 949 433 1031 saductus,
461 948 512 1012 rel
541 947 588 1013 sie
615 950 664 1013 uti
692 970 752 1015 nos
781 949 982 1033 scripsimus:
1012 952 1119 1016 omitti
1143 958 1254 1020 autem
1276 956 1311 1021 in

185 1058 273 1142 primo
295 1056 450 1139 membm,
474 1077 556 1140 quae
579 1078 641 1121 vox
665 1056 700 1120 in
724 1055 959 1140 posterioribus
982 1059 1138 1124 sermonis
1157 1062 1311 1128 membris

187 1163 316 1228 omnibus
340 1166 529 1228 constanter
550 1167 727 1247 repetatur,
750 1163 781 1227 id
804 1168 837 1227 et
856 1163 996 1228 insolens
1015 1168 1067 1228 est
1085 1169 1117 1230 et
1136 1167 1309 1234 inficetum.

184 1269 259 1355 Ergo
280 1291 343 1354 qua
366 1269 494 1335 ratione
517 1290 631 1334 versus
650 1270 841 1335 seruitium
860 1291 899 1334 ex
919 1268 1062 1335 eiusdem
1082 1292 1193 1338 versus
1211 1274 1309 1339 inter·

188 1381 370 1459 prelamento
393 1375 547 1460 redipisci
568 1376 664 1441 nobis
688 1376 750 1441 visi
774 1397 898 1454 sumus,
926 1376 1037 1441 eadem
1060 1376 1112 1442 rel
1136 1378 1236 1443 simili
1258 1402 1308 1444 ra·

186 1483 257 1546 tione
277 1483 371 1547 huius
394 1482 429 1546 in
457 1503 520 1566 quo
547 1503 716 1548 versamur
738 1483 866 1547 initium
890 1486 1053 1546 servatum
1076 1504 1146 1547 esse
1176 1485 1211 1548 in
1234 1486 1309 1550 insi·

187 1589 247 1654 ticio
262 1589 482 1654 additamento
501 1589 560 1653 illo
575 1589 673 1655 Domi
689 1589 778 1654 tebet
794 1591 936 1654 animum
955 1612 980 1653 e.
995 1610 1026 1673 q.
1041 1612 1065 1653 s.
1084 1589 1308 1674 disputamus?

260 1694 378 1761 ‘Vnum
397 1699 510 1781 restat,
533 1696 677 1761 nondum
696 1697 880 1780 expeditum
900 1700 1016 1760 nostra
1035 1697 1207 1762 sententia.
1243 1698 1307 1763 Vix

187 1803 256 1867 enim
277 1802 408 1868 concedi
435 1803 559 1886 poterit
586 1804 744 1887 scriptum
773 1825 843 1868 esse
867 1825 886 1867 a
909 1802 1026 1867 Plauto
1049 1804 1243 1868 eoredimento
1265 1807 1309 1870 ad

187 1930 270 1975 mnes
289 1910 383 1975 moles
405 1905 472 1993 (vel
494 1911 594 1975 omnis
617 1911 707 1976 molis
730 1911 854 1995 potius)
877 1911 1042 1992 maleficos,
1066 1909 1152 1992 quod
1176 1932 1193 1974 e
1216 1909 1308 1976 Pela·

187 2016 308 2082 tinorum
331 2016 489 2082 memoria
512 2040 532 2082 a
556 2039 590 2083 se
615 2021 741 2082 erutum
761 2015 932 2101 Scioppius
956 2016 1212 2101 commendabat,
1236 2040 1307 2101 pro·

185 2124 245 2189 bare
265 2128 458 2190 recentiores
482 2124 597 2189 solent.
633 2123 720 2190 Nam
739 2125 846 2205 omisis
860 2123 956 2205 molis
971 2123 1129 2205 malificos
1142 2123 1178 2186 in
1201 2123 1235 2186 B
1258 2128 1309 2188 est

185 2232 311 2315 aprima
334 2253 447 2315 manu,
470 2231 504 2295 in
522 2232 629 2312 omnis
642 2232 741 2313 moles
754 2230 915 2313 baaliticus
930 2235 1091 2295 mutatum
1115 2251 1135 2293 a
1159 2230 1307 2311 secunda,

183 2338 269 2419 erreis
282 2338 379 2418 aeolis
392 2338 540 2420 mitificos
554 2338 588 2402 in
611 2337 679 2405 OD.
717 2335 894 2422 Nunquam
926 2341 1034 2401 autem
1058 2337 1092 2401 in
1116 2339 1210 2400 tanta
1233 2358 1306 2401 con·

183 2445 317 2509 similium
331 2446 501 2510 notionum
516 2445 698 2529 frequentia
711 2446 805 2510 moles
819 2443 957 2508 Plautus
972 2465 1032 2527 pro
1047 2442 1201 2509 machinis
1216 2443 1306 2508 dixit.

181 2548 256 2625 Quod
287 2551 429 2615 sentiens
463 2553 500 2615 ut
530 2550 672 2636 videtur,
705 2551 802 2615 simul
837 2555 944 2616 eutem
978 2551 1149 2616 masculini
1180 2550 1307 2634 generis

180 2657 313 2743 vestigiis
341 2656 512 2721 inhaerens
542 2656 746 2722 Camerarius
775 2679 878 2722 omnes
900 2679 999 2723 mores
1022 2658 1175 2738 maleficos
1198 2656 1306 2722 edidit.

175 2760 1307 2846 mmmmwmmmfflmfflmmmmmCmWQd

173 2868 1307 2952 mdmmmafflmmmmmmmeffimwm.Qffidm·

170 2980 229 3042 tius
255 2978 424 3042 dicendum
454 2983 515 3060 est,
546 3000 624 3060 quas
655 2978 695 3043 ad
722 3000 772 3041 res
802 2977 865 3061 ipsi
896 2999 1002 3040 mores
1034 2975 1220 3058 muliebres,
1253 2976 1307 3058 qui

168 3109 236 3150 cum
266 3084 481 3149 condimentis
517 3089 761 3167 comparantur,
792 3083 863 3147 usui
893 3084 967 3146 sint.
1008 3083 1224 3165 Exspectatur
1256 3078 1307 3146 ‘ad

164 3187 1307 3274 mmmmffi'mlfflfflmnfflmvmmmwmifflmoffimm

163 3298 267 3363 ‘latet’
296 3297 402 3381 iuquit
431 3293 593 3362 ‘beronice
615 3296 728 3362 uleus'.
764 3297 800 3360 ld
830 3298 932 3382 igitur
960 3297 1053 3381 quale
1082 3297 1125 3359 sit
1153 3295 1308 3379 indagare

160 3407 248 3472 alios
277 3405 440 3469 iubemus:
469 3405 503 3469 in
532 3406 701 3488 perpaucis
733 3405 818 3468 enirn
842 3405 904 3468 hoc
928 3409 977 3467 est
1000 3402 1114 3466 Militis
1138 3402 1309 3484 ulceribus
1348 3467 1350 3471 ,

159 3513 283 3599 quibus
298 3535 357 3577 nos
374 3512 566 3576 medicinam
587 3513 771 3596 excogitare
791 3511 923 3575 omnino
942 3510 1066 3574 nullam
1085 3506 1307 3593 potuerimus?

252 3620 323 3683 Iam
347 3641 422 3683 vero
446 3619 480 3682 in
502 3618 634 3703 reliquis
658 3641 698 3683 ne
718 3619 803 3683 iusto
824 3618 952 3700 longior
976 3617 1035 3680 fiat
1058 3616 1215 3699 praefatio
1240 3616 1308 3679 bre-

155 3728 315 3793 vissimus
336 3748 400 3791 ero.
434 3727 481 3791 Ac
497 3727 638 3810 primum
659 3725 788 3809 quidem
810 3725 1106 3807 discriptionem
1131 3744 1308 3785 versuum

154 3834 295 3919 qualem
314 3833 348 3897 B
372 3833 522 3897 exhibeat
555 3837 702 3897 accurate
736 3835 769 3895 in
803 3833 1011 3895 adnotatione
1042 3853 1092 3892 me
1116 3849 1309 3893 commemo-

154 3935 1308 4022 mmmmwmmmmmmmfflfflwmffl—

153 4048 188 4112 N
196 4048 330 4111 omina
354 4068 604 4129 personarum
629 4047 746 4129 partim
779 4049 864 4109 recte
893 4045 1016 4108 tradita
1040 4048 1129 4125 sunt,
1157 4044 1193 4105 ut
1215 4043 1309 4106 Arto-

154 4155 257 4236 tropi‚
291 4153 530 4233 Palaestrionis,
564 4152 800 4234 Philemoni,
831 4151 1072 4233 dimicaturae,
1103 4149 1309 4229 Acroteleutii,

156 4256 1309 4343 &mmwmwmmmmmmmtfflfflmmm

154 4390 275 4433 senem
298 4368 406 4430 vocari
436 4367 559 4449 primus
588 4365 668 4429 vidit
691 4364 934 4428 llitsehelius
959 4361 1084 4443 Proleg.
1104 4362 1189 4424 'l'rin
1208 4383 1239 4441 p.
1258 4361 1309 4441 88,

152 4495 360 4560 quamquam
378 4473 655 4554 Periplectomenus
670 4473 703 4534 in
725 4471 816 4535 libris
832 4493 902 4534 esse
923 4468 1017 4549 solet;
1042 4467 1080 4530 cf.
1096 4465 1124 4527 K
1131 4468 1308 4549 oenigius

154 4585 200 4645 de
226 4603 312 4644 nom.
340 4602 449 4664 propr.
478 4602 509 4662 p.
535 4580 583 4643 13.
630 4579 716 4655 Ques
745 4576 937 4660 Bergkius
965 4572 1161 4656 excogitavit
1188 4571 1309 4637 formas

156 4676 1309 4771 Iwfflwmmmfflmmlpfflfflmssmmmmmfflmpffi

157 4796 303 4861 editores
325 4794 441 4857 merito
460 4795 646 4858 reiecerunt.
692 4793 767 4857 Non
786 4791 892 4853 minus
911 4794 1034 4853 eertum
1059 4792 1108 4851 est
1128 4788 1309 4853 Pleusiclem

162 4903 407 4969 adulescentem
434 4900 599 4983 appellari,
622 4922 688 4964 non
703 4899 888 4978 Pleuse'derre,
908 4920 1003 4980 quam
1027 4898 1164 4959 formam
1189 4895 1309 4978 aliquo-

1055 4999 1093 5053 b*
