2910 5528
555 739 759 796 PRAEFATIO
1147 741 1237 796 XXIII

86 900 155 965 Vix
179 900 363 966 dubitasset
386 900 561 988 Seyffertus
584 906 623 970 de
646 905 707 971 hac
731 905 958 989 congruentia,
980 906 1006 968 si
1032 907 1234 970 animadver-

83 1009 185 1072 tisset
216 1029 289 1073 eam
323 1008 398 1074 aliis
430 1011 463 1075 in
497 1012 609 1076 eodem
642 1011 722 1078 folio
755 1011 958 1078 detrimentis
992 1011 1141 1075 stabiliri.
1186 1011 1235 1076 Ac

83 1115 230 1199 primum
253 1113 381 1199 quidem
407 1138 434 1181 r.
454 1118 519 1184 363
542 1119 637 1183 initio
661 1118 868 1183 detruncatus
898 1120 960 1181 est:
984 1117 1035 1181 cui
1058 1118 1112 1200 qui
1136 1139 1235 1201 oppo-

83 1221 170 1285 situs
204 1220 376 1307 legebatur
404 1245 432 1287 v.
455 1225 520 1290 343
553 1225 682 1289 brevior
710 1229 772 1308 est,
805 1223 887 1289 unde
921 1224 1036 1288 lacuna
1066 1224 1132 1287 illie
1164 1225 1236 1306 ipsa

84 1326 187 1391 rerba
209 1348 276 1392 non
298 1327 472 1394 affectavit
506 1329 589 1394 Tum
609 1353 685 1397 vero
704 1354 733 1394 v.
751 1331 816 1397 366
840 1336 915 1396 ante
939 1333 1115 1394 extremum
1140 1350 1234 1394 roca·

85 1432 203 1497 bulum
230 1435 317 1499 adest
344 1435 600 1503 addItamentum
628 1439 815 1522 requiritur,
843 1437 937 1521 quale
965 1436 1161 1501 Ritschelius
1185 1433 1234 1522 (in

79 1546 179 1623 porta
202 1539 281 1626 mm)
305 1547 339 1607 et
360 1541 529 1609 Palmerus
553 1542 696 1632 (Piraeo)
719 1547 953 1631 excogitarunt.
990 1541 1075 1608 Huic
1103 1564 1234 1625 respon-

84 1646 187 1712 debat
208 1670 238 1711 v.
257 1647 337 1730 346,
364 1655 441 1732 post
468 1673 564 1736 quem
591 1653 646 1737 qui
675 1652 820 1735 sequitur
847 1672 918 1715 cum
947 1649 1136 1714 Reizianum
1164 1670 1234 1714 esse

84 1756 288 1840 perspexerit
319 1752 571 1839 Studemundus,
599 1757 749 1823 Klotzius
777 1757 862 1822 hune
890 1760 946 1820 aut
977 1755 1137 1820 senarium
1170 1758 1234 1820 tro·

82 1861 234 1926 chaienm
263 1882 333 1926 esse
365 1867 422 1927 eut
444 1884 482 1928 eo
509 1868 637 1929 tautum
669 1863 795 1928 differre
826 1886 845 1928 a
874 1861 1028 1928 Reiciano
1059 1861 1175 1944 voluit,
1197 1866 1235 1927 nt

84 1989 104 2030 a
127 1967 292 2032 trochaeis
314 1967 479 2051 inciperet.
510 1968 600 2046 Quae
623 1969 733 2054 opinio
758 1972 958 2053 quantopere
982 1969 1024 2032 ab
1050 1969 1138 2033 omni
1161 1990 1232 2051 pro·

83 2073 260 2138 habilitate
292 2074 440 2158 bonoque
473 2097 569 2141 sensu
602 2077 790 2157 abhorreat,
824 2097 890 2140 non
923 2080 973 2139 est
1003 2075 1086 2158 quod
1120 2075 1234 2139 dicam.

83 2177 192 2255 Quare
219 2179 248 2243 si
274 2200 315 2243 ex
342 2180 458 2245 lacuna
487 2203 631 2267 congrua
657 2181 829 2247 concludes
856 2203 981 2246 mecum
1009 2181 1071 2245 hoc
1099 2202 1226 2264 quoque

84 2285 159 2350 loco
182 2288 260 2368 post
281 2286 475 2370 principium
499 2287 584 2368 Quid
607 2290 659 2371 epo
682 2288 770 2353 velut
793 2287 888 2351 lebeti
916 2286 1106 2351 vocabulum
1133 2285 1231 2349 inter·

83 2391 204 2456 cidisse
231 2392 417 2474 pronomini
443 2393 530 2459 nudo
558 2393 613 2460 hoc
640 2393 856 2475 adiciendum,
884 2393 1074 2457 Reizianum
1106 2415 1233 2475 recupe-

84 2499 173 2563 rabis
206 2498 483 2584 elegantissimum
517 2500 677 2584 simulque
709 2499 880 2584 intelleges
913 2522 940 2563 v.
966 2501 1031 2564 366
1062 2499 1232 2564 Ritsehelii

84 2605 349 2689 supplementum
372 2605 502 2670 modum
526 2606 677 2671 excedere
703 2643 740 2653 —
767 2629 844 2671 nam
869 2629 896 2670 v.
916 2607 981 2670 346
1006 2605 1142 2688 cogitari
1167 2626 1232 2669 non

83 2717 196 2796 potest
219 2713 258 2776 de
282 2711 440 2777 vocabulo
460 2714 529 2778 eius
553 2713 827 2797 quod-posuimus
850 2735 1032 2776 mensuram
1056 2711 1227 2775 excedente

88 2857 127 2865 ---
152 2820 332 2904 meliusque
355 2839 470 2881 eruero
489 2829 534 2894 (=
550 2830 679 2891 ausuri)
703 2820 860 2904 quadrare
883 2816 937 2904 (of.
961 2842 987 2882 v.
1003 2815 1070 2902 67).

175 2926 278 2990 Porro
301 2927 334 2989 in
357 2926 483 2992 cantico
508 2926 545 2990 de
569 2927 659 2991 cuius
684 2927 830 2991 versibus
854 2926 1005 2990 extremis
1031 2925 1125 2988 modo
1149 2925 1228 2988 dixi-

82 3057 157 3098 mus
172 3032 294 3097 dudum
307 3031 504 3097 Ritschelius
519 3033 598 3097 duas
618 3033 750 3097 lacunas
769 3031 891 3096 detexit
910 3032 1107 3095 certissimas
1125 3055 1153 3094 v.
1163 3032 1230 3095 320

82 3146 117 3204 et
139 3140 247 3204 335u:
270 3162 351 3223 quas
375 3161 439 3203 non
464 3139 576 3204 dubito
600 3141 679 3225 quin
703 3139 805 3204 eidem
830 3140 947 3203 damno
977 3138 1153 3203 attribuere
1177 3144 1234 3201 eut

82 3247 251 3331 possimus
279 3249 336 3309 aut
359 3245 546 3328 debeamus,
570 3269 642 3310 eum
670 3248 725 3330 qui
753 3246 958 3309 intercedunt
981 3267 1091 3309 versus
1120 3266 1158 3307 ex
1188 3243 1233 3308 di·

84 3376 181 3416 versa
209 3352 329 3416 cantici
353 3352 559 3434 discriptione
583 3352 678 3417 facile
702 3353 781 3417 olim
805 3354 959 3436 paginam
988 3353 1117 3435 plenam
1143 3373 1233 3415 oecu-

84 3481 162 3542 pare
182 3458 359 3542 potuerint.
392 3461 440 3523 Ae
458 3481 487 3522 v.
503 3458 568 3523 325
587 3458 727 3524 fortasse
743 3461 790 3522 vel
809 3459 922 3522 melius
938 3459 983 3522 sie
999 3457 1233 3542 distinguetur:

346 3568 545 3648 (lo-ocellus
570 3586 603 3648 e‘s
628 3605 732 3648 meus:

345 3691 430 3754 Trios
456 3713 526 3754 sum
551 3692 709 3773 alumnus,
733 3691 797 3754 mel
822 3712 937 3753 meum.

84 3814 169 3878 ltem
190 3836 220 3877 v.
237 3814 302 3878 328
322 3836 360 3877 ex
381 3813 485 3878 media
504 3794 685 3897 corruptela
704 3812 858 3896 dubins*)
879 3815 917 3878 arl
939 3813 1073 3878 eandem
1093 3813 1232 3877 formem

83 3920 231 3985 revocari
256 3921 390 4003 poterit:

345 4043 419 4108 Sine
442 4045 511 4107 siue
535 4045 646 4108 eadere
671 4048 730 4109 uro.
755 4045 876 4111 ISiuo.

344 4152 359 4220 l'
384 4149 488 4215 Simul
512 4151 574 4215 hoc
598 4152 683 4235 quod
707 4153 786 4216 mihi
810 4151 844 4215 in
869 4157 1006 4215 manuel.

82 4275 258 4338 Praeterea
287 4273 325 4336 de
354 4274 479 4338 duobus
512 4278 723 4340 monometris
752 4278 889 4361 cogitari
917 4278 1025 4358 potest
1053 4297 1079 4335 v.
1105 4274 1169 4335 3323
1199 4276 1232 4335 et

81 4382 118 4445 de
143 4402 298 4445 versuum
323 4380 388 4444 322
404 4403 450 4464 sq.
475 4382 525 4444 vel
549 4383 614 4445 334
638 4382 808 4464 solutione,
836 4387 871 4445 ut
893 4387 1018 4445 taceam
1047 4380 1148 4444 multo
1173 4380 1229 4442 irn-

79 4486 322 4573 probebiliores
351 4486 577 4570 dissectiones‚
605 4488 716 4570 quales
745 4490 831 4552 haud
855 4510 927 4551 raro
956 4488 987 4550 iu
1013 4487 1119 4550 codice
1150 4486 1231 4549 anti·

79 4595 241 4680 quissimo
270 4592 548 4677 deprehendimus.

198 4710 297 4718 .--

168 4770 195 4837 *)
228 4768 320 4837 ‘quod
343 4766 413 4820 mihi
436 4765 464 4820 in
489 4770 616 4822 manust'
642 4771 676 4822 ud
701 4789 784 4824 uuaru
810 4769 959 4837 Dolplriuur
986 4770 1111 4838 spectare
1131 4771 1232 4838 polest,

76 4869 163 4920 quarn
185 4856 215 4903 et
235 4865 263 4901 se
283 4847 373 4901 sinere
392 4845 472 4901 iubet
490 4853 520 4903 et
539 4866 622 4903 manu
641 4855 718 4903 tenet
737 4851 838 4915 ebrius,
859 4858 890 4903 ut
909 4870 933 4903 v.
952 4855 1003 4903 329
1024 4851 1113 4903 docet.
