2910 5528
544 710 750 765 PRAEFATIO
1167 713 1217 766 XV

164 872 385 939 Instrumenta
404 873 517 938 critico
537 878 612 956 post
630 874 749 937 editam
765 872 995 938 Mostellariam
1017 879 1220 938 accesserant

76 1002 175 1044 manu
198 979 340 1063 scriptae
364 979 588 1044 adnotationes
614 979 647 1042 F.
668 979 707 1043 V.
725 979 863 1060 Reizii,
887 979 1099 1044 Godofredi
1122 979 1217 1044 Her·

70 1085 221 1170 manni,
249 1082 384 1150 Caroli
413 1085 663 1169 Lachmanni,
692 1086 731 1150 de
755 1086 872 1169 quibus
896 1087 942 1150 sic
966 1086 1047 1150 dixit
1070 1085 1218 1152 Ritscbe-

70 1192 150 1258 lius:
174 1191 257 1275 ‘bae
281 1214 361 1276 quas
384 1192 502 1257 ultimo
521 1192 591 1257 loco
612 1192 687 1270 dixi,
711 1193 850 1275 scriptae
870 1194 995 1256 suntin
1017 1194 1218 1277 marginibus

70 1299 209 1365 duorum
224 1297 457 1383 exemplarium
473 1321 545 1362 meo
560 1321 633 1364 aere
647 1320 748 1382 nuper
758 1302 949 1382 emptorum,
960 1297 1217 1364 Taubmanniani

73 1407 151 1470 anni
171 1403 342 1470 MDCXXI
362 1408 395 1469 et
410 1403 575 1488 Bipontini
596 1406 671 1468 amri
685 1403 1018 1489 MDCCLXXXVIH,
1037 1406 1092 1470 sed
1114 1406 1216 1471 multo

71 1514 244 1596 pauciores
267 1512 302 1575 in
325 1511 386 1577 hoc
410 1534 505 1596 quam
529 1512 564 1575 in
587 1512 654 1577 illo.
696 1511 744 1574 Ex
768 1510 946 1576 Hermanni
971 1516 1078 1576 autem
1101 1512 1217 1578 biblio·

70 1619 168 1683 theca
200 1619 429 1702 depromptum
461 1619 646 1701 exemplum
675 1617 905 1682 Ernestianum
935 1619 1011 1682 anni
1039 1618 1216 1685 MDOCLX

72 1724 295 1791 commodauit
312 1723 461 1789 Mauricii
480 1723 615 1808 Hauptii
640 1724 795 1788 amicitia:
820 1726 909 1788 cuius
931 1747 1013 1809 quae
1033 1725 1123 1789 dotes
1143 1727 1217 1807 sint,

72 1833 198 1917 optime
222 1832 423 1916 intellegitur
447 1854 484 1895 ex
504 1832 607 1915 ipsius
626 1831 804 1895 Hermanni
824 1832 928 1895 verbis
949 1833 984 1896 in
1002 1833 1063 1895 fine
1083 1832 1216 1898 alterius

72 1939 248 2004 voluminis
272 1938 414 2022 scriptis,
437 1959 519 2025 quae
544 1937 627 2000 infra
651 1936 799 2019 ponenda
823 1938 912 2001 duxi:

162 2044 247 2126 Quae
273 2046 310 2109 ia
335 2044 390 2110 boc
417 2045 494 2109 libra
522 2045 640 2109 calamo
667 2049 818 2108 arcnatata
840 2044 922 2123 sacrat,
950 2065 986 2109 ea
1008 2066 1045 2110 ea
1067 2047 1217 2112 dearortai

64 2152 275 2235 praeceptoris
296 2154 357 2216 mci
378 2152 535 2216 Friderici
557 2151 826 2234 VataaupiRcieii
848 2153 1019 2233 eamrplare
1041 2153 1133 2217 buius
1155 2155 1216 2218 edi·

69 2259 165 2324 tranis
192 2259 340 2323 banstali
367 2260 402 2323 ia
431 2259 486 2322 bac
507 2279 609 2323 meacm
632 2259 787 2338 exemplar
809 2280 878 2322 cam
901 2261 1041 2323 maxima
1063 2261 1216 2340 fidelitate,

66 2367 115 2429 ita
137 2368 170 2429 vt
190 2385 294 2447 aeque,
316 2364 413 2445 sicardi
431 2367 551 2429 errauit
568 2365 703 2442 Rcirirre,
722 2366 934 2442 immrdarcrm
959 2366 1098 2430 darbia
1111 2368 1217 2449 priore

67 2472 250 2536 correctione
272 2472 437 2553 recesserat,
459 2471 488 2550 si
509 2473 629 2537 calama
652 2493 720 2536 eam
743 2477 942 2554 eaprruaerut,
966 2474 1046 2537 idem
1066 2474 1215 2552 faceram

67 2577 95 2657 si
115 2577 179 2657 sale
196 2579 318 2653 delerat,
341 2580 376 2642 ia
394 2581 542 2661 margine,
565 2600 642 2660 quac
655 2579 809 2659 pristinae
826 2580 1048 2662 cramdatiaais
1065 2580 1217 2661 exstarent

67 2683 206 2766 velitata,
229 2685 406 2750 indicarem.
452 2684 506 2749 Ea
528 2690 730 2767 actamquae
752 2686 818 2748 iam
840 2690 932 2749 autea
956 2685 1016 2766 ipsc
1040 2687 1216 2766 alleaeram,

68 2791 115 2855 vel
137 2789 284 2870 subducta
307 2792 428 2870 lineola,
451 2793 498 2855 uei
520 2792 658 2873 apposita
676 2813 740 2855 areo
759 2794 889 2869 iserniae,
912 2798 944 2855 ct
960 2793 998 2855 ab
1018 2793 1118 2856 Rcirii
1137 2795 1217 2857 uatis

68 2897 234 2977 internosci
254 2898 389 2979 parserat.
417 2919 526 2962 curam
553 2899 654 2962 lrabm.
701 2898 879 2979 Descriptus
906 2898 977 2978 sant
1003 2899 1105 2962 lmeace
1127 2906 1217 2963 actae

68 3003 198 3086 Lipsiae
226 3005 260 3068 m
283 3006 374 3085 (eriis
396 3006 498 3070 vernis
521 3007 612 3070 adia
635 3005 708 3070 XV.
729 3005 852 3086 Aprilis
874 3025 964 3086 acque
987 3007 1029 3069 ad
1051 3006 1128 3069 (laem
1153 3005 1216 3070 IX.

68 3109 183 3189 nicasia
206 3110 301 3189 Maii,
324 3133 407 3176 ariao
431 3135 452 3177 a
475 3112 508 3177 C.
529 3114 569 3175 N.
589 3108 934 3177 CIOIOEOLXXXX.

276 3218 411 3282 Ioarmes
436 3218 629 3298 chufredas
652 3218 783 3282 Iacobus
805 3218 1015 3282 Hermarums,

160 3322 232 3387 Huc
252 3329 359 3389 autem
379 3326 463 3408 quod
483 3327 552 3409 ipsa
572 3329 712 3389 testatur
726 3325 897 3389 consilium
913 3326 974 3389 dici
990 3327 1101 3411 nequit
1117 3350 1213 3411 quam

71 3431 208 3495 mirifica
236 3431 408 3516 diligentia
436 3455 493 3517 per
517 3432 632 3516 viginti
657 3433 839 3496 comoedias
864 3438 1032 3497 exsecutus
1057 3434 1113 3516 sit,
1143 3435 1214 3498 fidei

70 3544 103 3601 et
127 3537 296 3623 religionis
320 3561 377 3622 per
401 3540 592 3623 longaevam
618 3540 717 3602 vitam
743 3543 834 3602 tanta
854 3562 924 3604 cum
945 3541 1051 3624 gloria
1069 3562 1215 3625 compro-

71 3646 168 3709 batae
191 3644 256 3709 iam
281 3652 350 3710 tum
376 3646 601 3710 documentum
629 3645 725 3710 edens
750 3647 1119 3711 honorificentissimum.
1167 3649 1214 3712 Ac

72 3751 110 3814 de
140 3751 312 3816 Reizianac
345 3750 523 3815 industriae
557 3752 664 3816 indole
697 3752 845 3816 universa
877 3754 955 3818 satis
987 3754 1053 3816 iam
1084 3754 1215 3818 aliunde

71 3862 214 3922 constat:
240 3858 279 3920 ad
303 3857 436 3921 Persam
459 3879 580 3940 paucae
604 3881 676 3921 cum
699 3857 798 3921 Reizii
822 3863 891 3921 tum
911 3858 1087 3922 Hermauni
1112 3880 1215 3921 emen·

72 3965 222 4029 dationes
242 3965 413 4046 pertinent,
434 3964 521 4027 illius
541 3964 671 4048 quidem
692 3967 843 4029 metricae
864 3966 1069 4047 potissimum
1089 3965 1123 4026 in
1143 3985 1213 4026 can-

70 4071 146 4135 tiois
176 4076 266 4136 actus
296 4072 414 4154 quinti,
448 4094 582 4153 quarum
618 4078 741 4153 partem
770 4073 957 4152 maximam,
990 4075 1026 4133 ut
1054 4072 1215 4153 specimen

69 4183 226 4260 exstaret,
258 4177 292 4240 in
327 4178 535 4241 adnotatione
569 4179 741 4262 perscripsi
774 4200 838 4241 nou
867 4178 966 4239 nimio
996 4176 1215 4241 emolumento

68 4289 195 4369 poetae.
241 4283 292 4347 Ex
315 4284 567 4348 Hermannianis
595 4291 765 4367 potueram
789 4285 886 4347 etiam
910 4282 1000 4346 illam
1025 4305 1215 4348 commemo·

70 4413 145 4456 rare
169 4413 266 4474 quam
292 4393 396 4455 versui
421 4392 486 4455 696
510 4391 673 4456 adhibuit:
707 4393 791 4455 Eam
820 4412 870 4472 epo
893 4396 928 4453 at
950 4392 1106 4472 requiram
1128 4393 1216 4457 adire

66 4504 161 4580 atque
189 4503 225 4561 at
247 4500 399 4562 redimam
422 4489 504 4581 dolo,
533 4501 664 4562 tametsi
691 4497 955 4580 probabilitatem
979 4498 1098 4563 habere
1122 4521 1214 4585 nego.

66 4605 263 4689 Quanquam
285 4605 325 4668 de
343 4604 405 4668 hoc
425 4627 541 4690 genere
556 4607 705 4670 universo
720 4604 767 4667 ita
782 4604 896 4688 sentio,
915 4609 951 4668 ut
966 4605 1214 4690 haudquaquam

67 4717 183 4797 putem
207 4712 278 4775 sine
303 4712 427 4776 delectu
452 4712 633 4795 evulganda
657 4734 735 4793 esse,
760 4735 840 4796 quae
855 4712 936 4805 'quis
962 4714 1032 4794 sibi,
1057 4737 1118 4778 nou
1143 4716 1214 4781 aliis

63 4821 246 4904 scripserit.
296 4819 395 4904 quue
423 4842 488 4883 non
516 4820 622 4882 minus
652 4819 763 4882 cadere
788 4819 820 4882 in
844 4819 1109 4886 Lachmanniana
1133 4826 1213 4889 volo.
