2910 5528
147 338 211 401 146
635 329 822 385 sensuum
1147 335 1257 387 sio-m

238 499 298 548 410.
318 495 417 547 trahnx
437 493 481 545 ter
494 490 627 545 trecentis
640 506 691 559 pro
704 489 804 543 tahar
816 490 951 545 trecentis
966 492 1147 563 Brupuanus
1158 492 1189 547 dc
1199 491 1259 546 iant.

147 593 201 630 son.
218 593 247 643 p.
267 579 350 642 15sq.
388 571 429 638 Cf.
451 572 579 625 Klotsius
593 588 623 639 p.
642 574 700 624 207
718 575 743 623 a
760 571 822 624 viole
839 572 877 625 ad
893 588 918 625 o.
938 575 1003 627 408.

237 660 296 707 413.
316 652 390 706 Tene
415 654 452 704 sis
476 651 624 719 argentum
643 648 685 703 Fi:
708 650 757 703 ubi
775 650 862 717 Tene,
886 651 952 706 tina
975 653 1015 706 sis
1038 655 1080 708 oei
1101 654 1192 708 saltum
1206 652 1262 707 'Fene

148 736 185 790 sis
211 733 363 788 Muellerus
382 749 411 800 p.
431 734 495 786 214.
516 734 570 784 084
600 730 689 797 (atque
716 730 859 797 repetitam
885 734 963 797 tens,
991 749 1049 786 non
1072 726 1147 788 Toni
1168 733 1264 787 canini

148 815 314 884 Septimus).
334 809 410 865 Tene
430 811 467 864 sis
486 810 633 878 argentum
652 809 705 861 hoc
724 808 848 863 Baciius
864 811 896 863 in
910 810 1031 866 Student.
1047 812 1126 868 Sinai.
1142 812 1179 865 II
1186 829 1212 882 p.
1223 816 1264 865 180

147 895 304 962 obloquente
322 890 453 960 Septimio
472 890 556 944 Burs.
575 889 673 943 Aneiai
700 887 818 941 LXIII
832 905 861 956 p.
879 894 923 944 14.

236 976 297 1026 elo.
317 968 344 1023 A
368 970 443 1023 Maii
464 971 616 1023 testimonio
639 980 931 1027 cnnsnssrsmunou
948 972 1092 1041 profectus
1109 972 1168 1041 (uti
1183 972 1268 1025 tintus

147 1052 200 1118 def.
224 1052 427 1105 Darnmonnus
448 1066 475 1117 p.
495 1050 541 1117 34)
564 1049 697 1103 censebas
720 1048 861 1102 tantulam
884 1051 960 1105 dedit
983 1050 1014 1105 si
1038 1051 1109 1106 ‘nisi
1129 1053 1161 1106 tu
1179 1054 1269 1106 mium

149 1131 242 1185 moics'
263 1131 313 1198 (sic
329 1128 497 1197 Vannpius):
516 1129 565 1182 ubi
583 1126 716 1182 censebas
735 1128 845 1197 copiam
864 1129 982 1185 Botisius
994 1132 1096 1200 optime
1107 1131 1269 1187 animans

148 1211 205 1263 Suo
223 1210 281 1264 loco
298 1225 404 1264 uersum
422 1209 480 1261 iam
504 1207 623 1261 Wcisius
640 1207 805 1287 rediij'dcrat.

238 1295 299 1343 410.
320 1305 413 1354 ansus,
431 1304 482 1343 om.
502 1303 542 1353 es,
560 1288 613 1351 des.
635 1286 749 1340 Olsenus
764 1303 793 1355 p.
813 1292 858 1342 19.
873 1318 906 1328 -
924 1288 968 1355 Cf.
988 1290 1130 1346 Demeiius
1147 1290 1273 1355 ‘Zorsini

149 1368 344 1437 Recitspesch.'
366 1369 406 1420 II
421 1385 451 1436 p.
469 1370 535 1422 235.
573 1366 643 1420 Mon
666 1367 710 1419 me
733 1365 787 1419 tibi
809 1368 842 1420 ut
859 1366 903 1435 Ii,
925 1369 1048 1425 Baiorus
1065 1387 1096 1440 p.
1116 1374 1183 1425 1⁶4:
1204 1375 1231 1424 ot
1245 1371 1273 1436 cs.

149 1448 354 1502 Studemunius
372 1447 477 1499 Aunai.
491 1446 562 1514 phil.
584 1442 698 1498 XOIH
711 1461 741 1514 p.
761 1450 811 1513 54,
830 1445 990 1517 Kocmpfius
1007 1449 1040 1504 de
1056 1466 1138 1518 pron.
1154 1467 1182 1520 p.
1199 1453 1242 1504 28.

237 1531 298 1581 418.
318 1525 495 1580 seruitutium
514 1542 576 1579 cun
595 1523 686 1578 Colcro
705 1531 730 1578 ei
749 1523 888 1594 Scaliparo
908 1526 945 1580 a.
982 1528 1026 1582 Do
1044 1528 1228 1584 meretricium
1243 1528 1277 1583 sci

148 1605 318 1660 serriteu'um
337 1605 492 1660 somniabat
507 1604 670 1659 Gronovius.
699 1603 885 1658 semitricium
896 1611 958 1675 post
973 1608 1045 1663 aiios
1057 1610 1160 1664 vindic.
1174 1609 1276 1663 suus

148 1687 221 1740 ierus
238 1686 271 1740 oio
289 1685 354 1740 dccl.
369 1702 400 1754 p.
420 1689 457 1737 42
477 1684 583 1752 (²202),
601 1683 755 1738 Lorenzius
773 1683 872 1738 Philoi.
894 1685 989 1738 XXX
1001 1704 1032 1756 p.
1051 1693 1118 1756 596,
1136 1689 1173 1743 ui.

236 1771 296 1819 419.
316 1763 473 1817 eubiculum
492 1766 603 1817 reduxit
616 1764 768 1832 Vesinpius,
782 1769 878 1818 contro
894 1765 1053 1820 sudiculum
1066 1769 1109 1823 oei
1121 1767 1273 1822 suduculum

152 1850 273 1914 repetens
291 1843 404 1898 Grutcri
426 1849 628 1912 arpumeutum,
651 1842 723 1912 quod
743 1859 827 1911 nequa
844 1844 960 1898 muitum
977 1846 1050 1899 ualet
1067 1847 1224 1916 (‘sanpuiue
1237 1862 1276 1900 su·

152 1925 228 1979 darc’
250 1940 311 1979 cum
328 1925 438 1991 saepius
455 1924 576 1992 dicatur)
593 1938 678 1991 neque
696 1923 806 1976 omniuo
823 1939 879 1977 rem
896 1925 1018 1991 conficit,
1040 1941 1102 1978 cum
1120 1925 1219 1991 fahan
1233 1941 1277 1979 ent

148 2005 235 2071 possit
251 2003 440 2071 veriloquium,
457 2019 521 2056 vera
540 2008 630 2056 tomen
647 2003 745 2068 forma.
774 2002 845 2056 Mon
858 2004 896 2058 ad
909 2002 1092 2072 pristinorum
1107 2006 1276 2075 (dequoitan

150 2084 236 2137 obiter
250 2084 384 2136 iudicauit
398 2082 554 2150 Vssiupius)
569 2082 604 2147 cs.
616 2080 645 2133 Β
658 2080 754 2148 Opusc.
760 2081 831 2149 phil.
842 2083 864 2134 Ι
864 2082 885 2134 Ι
888 2100 918 2151 p.
929 2088 994 2151 460,
1009 2084 1275 2154 Baiarusp.102,a1.

154 2162 274 2216 Getarum
292 2163 324 2214 iu
342 2174 464 2215 emmas
484 2162 532 2230 (A)
553 2161 713 2214 ‘autissima
730 2175 749 2213 n
768 2162 872 2216 littora:
893 2179 947 2230 auo
970 2164 1040 2231 quiri
1056 2164 1162 2230 facian
1178 2163 1275 2216 uncio'.

109 2266 114 2276 ·
150 2239 220 2294 ciuis
244 2257 277 2294 ac
298 2239 429 2310 Gupctus.
450 2270 481 2279 -
502 2240 572 2293 Mox
596 2241 840 2307 interpunctionem
855 2249 917 2309 post
940 2241 1017 2296 lurco
1035 2244 1151 2298 sustulit
1166 2243 1275 2297 Botiius.

235 2317 855 2388 423.teexigere,uteuquisitius,practuii(cs.
863 2321 1276 2389 DaiatztoodPiom.9i7,at).

152 2404 322 2471 (guarmatiam
340 2407 409 2455 recte
426 2405 514 2454 monet
533 2398 682 2468 Seyffertus
699 2399 781 2465 sociis
799 2414 819 2453 a
840 2406 902 2468 post
920 2416 944 2454 m
963 2403 1054 2457 omitti
1067 2406 1190 2472 potuisse
1205 2404 1234 2455 in
1248 2402 1275 2453 A.

153 2480 194 2549 Cf.
213 2499 237 2536 o.
257 2485 320 2535 435.
340 2510 375 2520 -
399 2479 428 2534 V.
448 2485 500 2532 431
520 2479 621 2533 omitto
639 2496 700 2532 cum
717 2479 789 2550 vulp.
810 2479 853 2544 Fi,
871 2482 934 2535 item
952 2481 1111 2552 Seyffertus.

241 2567 293 2615 433
303 2578 340 2629 sq.
360 2562 392 2613 ut
410 2559 484 2613 idem
499 2562 530 2613 tu
544 2557 615 2611 mihi
631 2559 746 2613 Faceres
761 2559 797 2612 Fi.
821 2563 853 2612 ut
867 2560 972 2614 faceres
985 2560 1056 2615 mihi
1071 2561 1150 2617 Idem
1166 2561 1275 2616 Osanna«

152 2643 237 2695 Arioi.
248 2659 278 2710 p.
293 2645 397 2708 202sq.
425 2639 466 2705 Cf.
481 2638 619 2692 Luchsius
631 2639 662 2691 in
677 2638 795 2692 Studcm.
811 2638 889 2694 Sina.
904 2641 925 2694 Ι
935 2659 965 2711 p.
979 2645 1027 2706 23,
1046 2642 1176 2697 Kiotaius
1187 2659 1213 2710 p.
1227 2643 1274 2694 133.

151 2723 198 2774 Aa
217 2726 247 2773 tu
267 2721 341 2774 idem
360 2722 391 2774 iu
408 2721 475 2786 pede
493 2720 588 2787 auimo
606 2719 641 2783 cs.
659 2717 759 2772 Pseud.
774 2724 839 2786 800,
857 2721 893 2774 ol.
915 2750 945 2759 -
966 2720 1024 2775 Pro
1047 2722 1152 2791 partim
1174 2739 1230 2777 cun
1245 2720 1274 2774 ei.

152 2807 201 2853 sct.
226 2801 314 2853 nostri
341 2799 483 2863 Osunnus,
507 2815 568 2851 cum
591 2797 690 2852 Boticio
714 2800 818 2868 passim
842 2797 872 2850 Fi
893 2799 966 2852 nihii
988 2801 1129 2855 adnotans
1151 2803 1183 2856 cie
1204 2800 1274 2862 tura,

152 2880 224 2932 uncio
243 2885 371 2933 muriunt
389 2879 472 2931 etiam
490 2879 548 2930 olii.

242 2964 301 3012 436.
321 2960 403 3027 portu
421 2959 472 3023 des.
494 2957 608 3026 Lipsius
626 2958 658 3011 dc
676 2959 806 3026 atrophith.
825 2973 846 3012 o.
861 2963 892 3012 0.·
912 2974 965 3026 pro
984 2975 1037 3028 quo
1056 2977 1145 3014 cauea
1163 2959 1274 3029 Saluo,

152 3041 247 3105 sporta
268 3037 412 3090 Palmarus
428 3037 537 3091 ‘Journ
557 3040 593 3104 os.
610 3038 718 3106 philol)
735 3037 815 3090 XVI
831 3040 867 3104 (o.
881 3042 967 3106 1887)
982 3056 1012 3107 p.
1027 3044 1073 3094 40.
1090 3071 1124 3081 -
1140 3041 1197 3094 Pro
1212 3039 1273 3106 lepus

154 3117 281 3170 Osonnus
299 3117 395 3186 lupus,
413 3118 550 3185 Bcrplcius
570 3119 667 3185 Opusc.
688 3117 709 3169 I
723 3133 752 3184 p.
771 3121 825 3170 679
844 3115 927 3170 celes.

240 3202 300 3249 437.
322 3197 391 3250 ‘Pro
410 3197 476 3264 quin
496 3197 565 3250 dus?
583 3198 671 3250 nescio
690 3213 728 3249 on
741 3200 862 3264 praestet
879 3197 946 3264 quin
966 3198 1013 3251 de'
1036 3198 1073 3252 m.

241 3282 301 3329 439.
322 3279 389 3329 Noli
413 3277 534 3345 adduce,
557 3278 566 3330 i
590 3293 623 3330 cs
641 3279 680 3328 A:
701 3276 790 3343 possis
812 3274 825 3326 I
848 3277 931 3344 atque
952 3276 1006 3332 hue
1026 3278 1160 3332 continuo
1178 3278 1272 3332 adduce.

154 3356 196 3420 Os.
217 3357 254 3408 ad
267 3373 291 3410 o.
307 3362 370 3410 586.
407 3356 529 3411 Octcrum
547 3359 702 3411 desummo
719 3355 755 3420 cf.
770 3360 880 3424 praetor
893 3354 922 3407 'R
938 3356 1036 3424 Opino.
1054 3358 1124 3426 pta.
1140 3359 1181 3412 II
1188 3377 1214 3427 p.
1226 3361 1273 3419 300,

153 3433 303 3488 Curiatium
326 3437 430 3489 Annei.
449 3436 520 3504 puio.
542 3435 665 3490 XCVII
681 3452 712 3502 p.
731 3439 796 3500 348,
821 3433 987 3504 chpcrIum
1005 3436 1085 3491 sona.
1106 3438 1149 3492 Pi.
1169 3439 1188 3491 1
1204 3456 1230 3507 p.
1245 3439 1271 3488 a>

151 3516 288 3569 Dzioizio
306 3517 422 3583 append.
441 3517 502 3569 cuit.
521 3516 559 3569 od
580 3516 639 3568 Ter.
660 3515 713 3568 Aa.
733 3530 757 3566 o.
777 3518 839 3568 491.

240 3601 291 3647 441
303 3611 357 3664 sqq.
381 3595 425 3649 Ao
449 3593 510 3647 ΡΖ
525 3595 666 3663 profectus
688 3592 807 3662 Pylades
829 3594 916 3649 dedit.-
948 3595 999 3650 Το.
1019 3595 1150 3651 Fortasse
1174 3592 1272 3650 metuis?

152 3673 208 3726 ium
226 3691 243 3727 a
261 3674 321 3727 foro
341 3671 494 3741 argentarii
507 3676 516 3741 i
531 3673 651 3738 Abeunt,
669 3689 703 3726 cn
716 3672 744 3724 B
761 3689 822 3726 uero
836 3675 960 3743 suppleta
972 3678 1013 3730 sic
1026 3679 1152 3744 personis
1165 3674 1271 3731 annisu

153 3752 340 3807 Gauscrarius:
369 3753 419 3806 Το.
444 3753 573 3806 Fortasse
598 3783 629 3791 —
654 3751 706 3805 Do.
730 3752 832 3806 Mirum
857 3784 888 3792 -
908 3753 958 3807 To.
983 3754 1039 3808 Abi
1060 3778 1108 3809 -:
1135 3751 1272 3826 suspen

151 3838 241 3884 autam
265 3831 365 3884 Mirum
390 3829 465 3899 quin.
494 3830 577 3884 citius
601 3832 748 3885 Aci'dalius
777 3833 864 3886 iussit.
902 3834 959 3888 Pro
981 3851 1036 3903 quo
1058 3834 1180 3890 Mirum?
1205 3847 1269 3903 quum

151 3909 234 3963 citius
262 3910 375 3964 Rostius
401 3910 497 3979 Opusc.
517 3911 548 3979 'p.
567 3916 631 3978 178,
654 3911 706 3965 Do.
731 3909 850 3965 Mirum?
874 3911 925 3966 To.
945 3911 1017 3977 Quin
1044 3914 1129 3969 citius
1152 3912 1270 3982 Vinius

150 3990 219 4041 satis
237 3991 335 4057 inepte.
363 3991 466 4048 Contra
481 3988 618 4043 Nimirum
633 3988 662 4041 'r'i
680 3996 766 4046 totum
785 3993 872 4047 Meum
889 3992 998 4047 Formo
1018 3996 1185 4048 coiuiuuans
1200 3989 1270 4047 sinai

151 4085 201 4133 quc
224 4085 334 4122 rnoncns
359 4071 464 4124 ‘corsus
486 4076 535 4124 out
557 4071 597 4123 sic
620 4072 660 4124 vel
678 4072 803 4126 similiter
821 4074 989 4138 restituendi,
1008 4079 1058 4127 out
1077 4076 1110 4128 de
1129 4075 1209 4128 inuito
1223 4086 1267 4140 pm·

151 4149 273 4201 rioribus
296 4150 385 4204 turbis
409 4152 592 4218 conitendum.
629 4151 720 4219 Atque
737 4169 761 4205 o.
781 4155 842 4207 442.
861 4156 915 4207 443
934 4159 1051 4221 possunt
1068 4171 1136 4208 sanc
1150 4162 1267 4223 perperos
1315 4216 1317 4225 Ι

151 4226 244 4278 iterati
262 4228 351 4281 viciari
369 4247 382 4281 e
401 4246 423 4282 a.
439 4235 501 4284 433.
517 4234 584 4296 434,
606 4232 632 4284 si
650 4229 680 4284 in
699 4249 780 4286 cursu
799 4233 895 4287 rotula
911 4231 1140 4287 circumuortitur
1154 4244 1204 4303 pro
1215 4229 1267 4285 auti·
1315 4248 1317 4299 ι

150 4322 204 4370 qua
224 4309 411 4376 ‹litiopropieia
429 4311 564 4365 habentur
582 4312 694 4366 illorum
712 4330 746 4366 cx
764 4315 847 4381 porta
863 4312 938 4367 ludis
955 4329 1039 4380 quom
1060 4313 1189 4367 emissust
1202 4313 1265 4378 lepus.

151 4383 226 4451 (gum
240 4388 312 4439 ratio
326 4389 351 4440 si
365 4390 411 4440 cui
421 4390 531 4456 placeat
544 4393 642 4461 inopis,
656 4393 767 4460 inlapsa
780 4393 933 4447 euiblcmotc
946 4393 1090 4462 capulum
1104 4410 1158 4449 essa
1171 4386 1267 4446 Domi
