2910 5528
64 740 204 792 ror-rm
549 734 734 790 APPENDIX
1144 733 1208 799 195

62 898 231 968 Interpretis
245 899 463 954 additamentum
480 897 536 965 suit
554 896 575 951 fi
594 896 723 952 intrabib'
743 896 786 951 It:
804 898 886 952 immo
904 897 932 951 ni
951 896 1043 952 bruhis
1058 928 1090 937 -
1105 899 1208 955 scilicet

64 979 170 1034 ‘mium’
192 977 226 1048 (fi
242 977 364 1033 intrabit
381 978 469 1046 Itale).
499 977 542 1044 Os.
560 976 690 1031 Kloteius
704 995 734 1046 p.
749 981 810 1033 342.

154 1072 216 1122 702.
237 1066 299 1133 Quo
317 1065 407 1136 magis
423 1066 501 1120 Pius.
530 1064 591 1130 Quo
609 1065 700 1135 magis
718 1067 864 1136 magisque
883 1067 912 1122 8.
928 1068 1037 1123 Bosiue.
1063 1044 1104 1134 (if.
1120 1068 1210 1123 Lueb·
1311 1049 1315 1055 ¹

63 1148 155 1202 bertae
178 1147 219 1201 II
239 1163 272 1218 p.
288 1151 353 1202 211.
376 1177 410 1186 -
434 1145 529 1214 cogito
552 1142 647 1217 (ego)
671 1146 776 1216 Pylade
797 1148 864 1202 duce
885 1147 1066 1202 Camerarius.
1090 1177 1123 1187 -
1147 1165 1210 1202 eum

63 1228 159 1284 auimo
177 1242 241 1283 meo
261 1227 396 1283 trochaice
410 1232 473 1296 post
489 1225 622 1281 Botbium
641 1225 834 1282 Hrrmammus:
852 1228 886 1294 es.
905 1228 943 1282 ad
960 1245 984 1282 o.
1000 1230 1063 1283 693.

154 1322 217 1372 708.
249 1317 375 1372 dotatam
393 1332 506 1370 uxorem
525 1316 610 1384 atque
629 1330 713 1369 anum
732 1314 859 1390 (homo)
877 1314 964 1370 habet
982 1315 1025 1382 Ἠ,
1048 1317 1097 1371 ubi
1115 1316 1153 1386 (d.
1173 1317 1210 1386 u.)

62 1395 139 1452 domi
168 1412 237 1452 suae
264 1396 351 1452 habet
373 1396 503 1468 Guyetae.
531 1396 617 1463 eique
640 1392 746 1468 (eum)
770 1412 855 1450 suum
880 1395 967 1451 habet
992 1390 1154 1466 Spemyebius
1178 1397 1211 1450 de

63 1482 127 1531 eret.
146 1493 179 1547 p.
193 1481 233 1533 87
260 1478 407 1548 (probante
434 1475 623 1530 Studemmedo
650 1476 684 1530 de
711 1481 782 1530 earet.
802 1493 832 1546 p.
849 1481 898 1545 19,
926 1475 1044 1547 Bequio
1069 1476 1165 1546 Opuee.
1191 1475 1213 1529 I

61 1574 89 1626 p.
105 1562 174 1625 678,
192 1558 364 1627 ab),1›oetea
385 1557 466 1611 etiam
489 1557 521 1610 de
539 1571 652 1609 uxorem
672 1555 758 1609 habet
781 1557 908 1610 dotatam
927 1557 1012 1624 eique
1035 1572 1119 1612 enum
1141 1557 1211 1625 eooi-

63 1643 135 1692 tams.
163 1640 249 1706 atque
270 1654 353 1691 anum
372 1634 470 1708 (uns)
489 1634 517 1689 h.
541 1634 719 1689 Sdeemireiius.
751 1633 792 1702 Of.
811 1634 940 1691 Ktoeriae
955 1653 984 1704 p.
1002 1638 1065 1690 240.
1097 1636 1212 1689 Malim:

64 1716 159 1787 Siquis
187 1717 315 1772 demeum
343 1718 459 1770 anatem
485 1716 570 1784 utque
599 1714 723 1768 ciuicam
751 1714 836 1770 habet
864 1716 916 1787 (oet
943 1718 1078 1771 enubeem
1106 1716 1212 1785 habeb),

64 1803 95 1851 ut
112 1797 160 1852 bic
177 1813 282 1869 aurosum
299 1811 392 1852 omaus
412 1796 567 1851 trochaicus
584 1796 634 1849 sit:
653 1796 687 1862 cs.
708 1796 744 1849 ad
762 1812 786 1849 v.
803 1799 864 1851 704.

154 1890 216 1940 704.
238 1883 387 1940 Hominem
402 1882 539 1940 sollicitet
558 1883 738 1953 ‘eaeraplaria
750 1885 879 1954 antiquu‘
895 1885 953 1939 Pii.
982 1884 1054 1940 Eum
1069 1885 1211 1940 hominem

63 1963 204 2021 sollicitat
225 1963 264 2021 B.
297 1964 443 2020 Neminem
472 1963 588 2018 eublicib
614 1964 775 2034 Spcmadius
799 1963 889 2033 ‘Rei’
906 1984 936 2035 p.
952 1971 991 2020 82
1004 1982 1042 2036 sq.
1069 1997 1105 2006 -
1129 1981 1213 2035 sopor

64 2045 209 2102 Sollicitat
226 2045 292 2101 troi.
311 2045 497 2100 Hemaammus.
513 2075 546 2084 —
567 2059 651 2112 sopor
668 2043 719 2116 (ab
739 2043 843 2116 sapor>
862 2045 892 2099 S.
911 2045 1021 2102 Boeiue.
1049 2045 1213 2102 Troebaieae

62 2127 282 2196 Mamm

156 2218 217 2269 706.
243 2212 308 2269 odio
327 2196 371 2268 eeb
387 2232 401 2268 e
416 2215 526 2284 ‘priscis
544 2195 753 2284 exemplaribue’
774 2217 856 2282 affert
874 2215 952 2271 Piae.
980 2216 1044 2270 odio
1064 2218 1119 2270 eet:
1140 2232 1212 2270 nunc

65 2311 132 2350 uero
150 2293 223 2349 mebi
242 2293 416 2350 Camerarius
438 2300 522 2361 (nuuc
541 2292 612 2348 mihi
630 2310 691 2349 cum
709 2295 755 2362 A).
783 2293 854 2349 mihi
877 2293 943 2350 odio
966 2298 1008 2350 esi
1026 2295 1213 2351 Horraameue.

65 2374 236 2430 odiosumete
256 2371 335 2428 uelut
353 2371 410 2444 (uel
429 2375 461 2427 ub
478 2372 584 2428 Ammoi.
600 2373 698 2444 philol.
717 2371 903 2428 LXXXIII
917 2392 946 2444 p.
960 2376 1028 2445 270)
1051 2392 1126 2430 nunc
1144 2374 1213 2429 mihi

65 2453 219 2510 Muellerum
231 2471 263 2526 p.
279 2457 333 2510 625
344 2470 382 2524 sq.
407 2451 477 2508 iberi
495 2453 559 2508 odio
578 2458 610 2507 ut
627 2469 701 2507 nunc
719 2448 790 2507 mihi
804 2452 965 2523 Spermdiue
979 2454 1145 2509 dubitanter.
1171 2454 1213 2522 Of.

65 2535 103 2589 ad
119 2552 146 2590 a.
161 2538 225 2591 704.

157 2627 219 2680 709.
247 2621 321 2697 (ab)
339 2624 408 2678 haec
428 2626 473 2678 eieb
491 2622 549 2678 ecio
568 2623 640 2690 quui
659 2639 703 2676 me
723 2623 809 2676 habet
826 2622 900 2676 mule
919 2623 1098 2677 Hermammers
1117 2623 1215 2694 (habeb

66 2721 127 2758 cum
145 2704 260 2772 Botbio)
278 2705 401 2774 itemque,
418 2705 465 2759 sed
483 2719 568 2772 quam
586 2717 641 2768 me,
659 2702 697 2757 II.
726 2701 805 2775 (ab)
825 2703 878 2756 hac
894 2704 938 2756 snb
956 2702 1025 2768 scia,
1044 2719 1214 2772 quamquam

66 2784 155 2838 hebet
173 2783 247 2839 male
261 2785 423 2856 Spemodius
437 2784 522 2852 ‘Rei’
539 2802 570 2853 p.
586 2788 623 2839 83
636 2800 674 2853 ea.
689 2788 841 2851 praeeunte
858 2799 1028 2851 quamquam
1048 2799 1092 2836 me
1111 2785 1216 2837 habeat

69 2865 218 2934 Madviqio
236 2865 350 2921 Addere.
370 2866 410 2919 II
426 2883 453 2935 p.
469 2871 511 2919 11.

159 2957 219 3008 710.
239 2953 377 3023 Peiusque
392 2954 575 3009 Caraerarias.
601 2957 631 3007 et
644 2956 654 3022 ΙΙ
667 2951 751 3006 Peius
765 2951 891 3006 Botbiue.
912 2951 954 3017 Os.
969 2952 1096 3021 Boagrius
1110 2953 1214 3009 Amuai

64 3035 163 3103 obibat.
183 3033 279 3088 OVII
289 3050 319 3102 p.
334 3039 397 3089 466.
428 3034 495 3088 Post
519 3032 588 3086 mihi
613 3032 757 3101 Vesimaiae
779 3031 842 3086 add.
867 3030 995 3086 arbitror.
1026 3031 1067 3100 Of.
1087 3032 1215 3088 Kiotrius

63 3132 94 3183 p.
110 3118 172 3168 181.
191 3117 257 3170 239.
276 3119 342 3170 241.

159 3200 220 3250 711.
241 3193 271 3249 Si
289 3194 381 3249 abitus
400 3196 465 3247 tuus
483 3193 545 3260 tibi,
565 3208 649 3246 senex
667 3190 696 3243 Β
716 3208 777 3245 cum
797 3192 961 3247 Oarreerario.
990 3193 1091 3247 Abitus
1110 3192 1134 3246 si
1153 3192 1214 3261 tibi,

69 3291 154 3329 senex
173 3273 335 3343 Spemoeiius
350 3273 436 3340 ‘Refi'
448 3291 478 3342 p.
493 3278 529 3327 84
543 3290 581 3341 sq.
596 3277 669 3349 116,
680 3272 763 3325 deleto
782 3273 846 3325 tuus
866 3273 925 3341 (ubi
943 3275 976 3327 de
994 3272 1048 3326 tibi
1066 3278 1115 3327 aut
1134 3289 1216 3326 senex

68 3355 181 3410 edendo
208 3355 309 3423 caditat
333 3353 498 3422 Vseimaius).
534 3354 628 3408 Possis
651 3352 752 3404 Abitus
775 3353 838 3406 tuos
861 3353 913 3406 tibi
936 3355 972 3420 si,
992 3369 1089 3407 senex:
1112 3354 1157 3408 sed
1180 3353 1215 3419 ef.

69 3435 270 3506 Bruqmammus
287 3436 321 3489 de
339 3445 374 3485 m
385 3437 487 3503 partic.
505 3452 534 3502 p.
550 3440 594 3487 30.
626 3434 697 3487 Mox
716 3432 805 3486 ullum
824 3435 935 3488 reduxit
949 3434 1084 3488 Becieerrrs
1098 3451 1127 3503 p.
1144 3438 1190 3488 21.

159 3529 220 3580 713.
244 3522 378 3579 insanitas
396 3523 436 3592 Ἡ,
455 3525 546 3579 dele-ea
562 3529 625 3591 post
643 3521 791 3576 Becberum
811 3524 910 3577 merito
931 3523 995 3592 ‘quo
1013 3529 1117 3579 serrato
1136 3529 1216 3578 tetra·

69 3608 172 3658 metrias
192 3605 286 3672 prodit
305 3620 408 3672 parum
432 3609 514 3672 aptius
536 3604 601 3657 baie
624 3603 701 3656 ioce’.
738 3604 777 3655 Ar
800 3604 834 3668 es.
858 3603 1063 3658 Studeraumdas
1085 3605 1118 3658 de
1144 3609 1217 3659 earet.

68 3702 96 3752 p.
111 3689 160 3749 86,
175 3685 211 3737 ab.
241 3683 282 3750 Os.
298 3683 478 3753 Bracmauas
496 3685 529 3737 de
547 3683 628 3737 iamb.
647 3698 704 3736 sem.
719 3699 748 3750 p.
762 3685 800 3736 26
818 3688 843 3737 et
861 3683 981 3739 Baieras
997 3701 1026 3753 p.
1041 3689 1087 3740 72.
1107 3688 1151 3739 99.
1172 3686 1218 3738 Ad

69 3781 94 3819 o.
108 3770 162 3819 714
185 3763 220 3829 cf.
241 3763 385 3819 Turnebus
407 3764 520 3818 Adsere.
543 3764 641 3817 XVII
659 3767 708 3827 10,
732 3761 848 3830 Lipsius
871 3763 985 3819 Satura.
1007 3765 1048 3817 II
1063 3768 1099 3818 21
1119 3770 1144 3817 et
1162 3764 1217 3819 Ro·

70 3844 144 3899 titirus
165 3843 274 3913 Quaeri.
293 3860 406 3913 aramm.
422 3861 452 3912 p.
471 3848 518 3912 10,
543 3844 579 3897 W
578 3843 732 3909 irtefcldius
751 3843 783 3897 de
802 3859 901 3899 consec.
921 3851 998 3912 temrp.
1021 3844 1064 3896 Pl.
1080 3861 1110 3909 p.
1125 3847 1170 3896 23.
1186 3874 1216 3881 --

71 3925 116 3979 Aa
134 3941 160 3977 a.
177 3927 230 3978 716
243 3940 282 3992 sq.
301 3924 335 3990 os.
352 3924 492 3978 Beatieius
511 3925 543 3978 ire
556 3924 626 3978 Hor.
642 3924 733 3993 Epist.
748 3923 789 3976 II
803 3929 827 3989 1,
843 3929 886 3979 75.
914 3923 969 3978 Vbi
983 3923 1218 3977 circumducerem

70 4004 120 4072 (A)
139 4002 290 4074 Seyffertus
307 4004 443 4071 improbat
466 4009 491 4057 et
506 4009 619 4072 propter
634 4004 793 4072 prosodiam
813 4004 930 4072 (senem)
949 4010 973 4057 et
992 4004 1057 4072 quia
1082 4003 1219 4056 ablati-mes

71 4084 139 4138 addi
157 4084 244 4137 soieat
261 4084 302 4137 eei
320 4085 491 4153 subintelleai
510 4084 600 4152 (Asin.
615 4086 671 4152 97).

161 4176 224 4226 717.
256 4172 396 4226 Accedam
420 4170 533 4245 (heus)
558 4173 737 4226 Hermamreas
759 4173 923 4226 dubitanter.
959 4172 1096 4225 Accedam
1121 4168 1218 4242 (hue)

70 4251 99 4306 Β
117 4252 240 4306 moene.-
260 4251 455 4305 ‘tetrametrum
473 4253 523 4320 qui
540 4253 609 4306 volet
626 4253 666 4307 sie
684 4254 817 4306 restituet:
836 4250 1003 4321 plurumum,
1020 4248 1101 4324 <mi>
1120 4249 1217 4305 Simo’.

27 4392 30 4397 ¹
69 4335 108 4386 At
132 4332 171 4399 cf.
194 4329 355 4400 Speuqdiae
377 4333 409 4385 de
433 4336 495 4385 cret.
517 4349 545 4400 p.
562 4337 597 4386 17
615 4338 640 4386 et
660 4332 746 4399 ‘Rufi'
765 4349 792 4399 p.
810 4335 878 4398 128,
902 4331 1025 4385 Baebius
1048 4333 1080 4385 ia
1098 4331 1217 4385 Studem.

69 4411 150 4468 Stoa.
171 4411 213 4465 ΙΙ
227 4415 340 4480 uuor,
364 4411 614 4480 141012236241.
635 4417 698 4477 342,
719 4415 753 4468 ab.
775 4445 807 4454 -
833 4414 878 4467 Ad
896 4431 920 4468 v.
937 4418 988 4465 718
1014 4412 1048 4478 cf.
1068 4411 1219 4466 Muellerus
1307 4448 1311 4457 -

66 4494 179 4562 2621,
196 4490 444 4561 Kiotriusp.181.
474 4492 515 4559 Os.
535 4494 572 4546 ad
589 4511 613 4547 a.
627 4498 687 4548 543.

162 4586 214 4636 712
229 4597 284 4650 sqq.
302 4581 477 4650 Amapaestoe
496 4580 655 4651 Speuqelius
676 4583 762 4648 ‘Rei'
780 4600 809 4650 p.
827 4588 880 4636 132
895 4599 933 4651 sq.
949 4586 1004 4637 321
1025 4583 1147 4638 admittit
1159 4583 1219 4638 bos:

69 4660 144 4726 Quid
170 4662 251 4730 agie?
275 4660 289 4719 7
308 4661 456 4714 Hominem
481 4663 626 4729 optumum
652 4665 739 4716 tineo.
754 4662 840 4731 1!th
864 4664 953 4717 amice
977 4662 1047 4715 facie
1067 4680 1151 4730 quom
1175 4665 1219 4717 mi

67 4740 178 4796 laudae.
198 4742 208 4809 fl
226 4736 324 4793 Decet.
353 4738 434 4794 certe
458 4738 512 4793 heu
541 4745 582 4811 (p.
598 4746 655 4796 382
680 4741 767 4796 Decet
792 4744 874 4797 certe.
904 4743 977 4811 Heu)
1005 4742 1108 4798 bonum
1138 4746 1219 4798 tensi>

66 4838 190 4877 seruam.
230 4819 280 4873 Ὗ.
300 4824 353 4874 720
366 4837 404 4890 sq.
427 4821 468 4875 sic
491 4821 679 4877 Camerarius:

954 4912 1006 4966 13*
