2910 5528
60 729 202 779 ees-mr
529 721 725 776 APPENDIX
1145 723 1207 787 183

61 901 128 954 ego,
151 883 223 939 haec
250 881 322 938 mihi
349 882 473 938 deditast
495 882 646 938 Muellerus
670 883 747 938 Proe.
761 900 792 952 p.
808 887 866 940 682
890 885 937 952 (cf.
956 901 987 952 p.
1002 889 1056 939 515
1070 888 1127 954 eu).
1165 885 1207 951 Os.

59 965 223 1034 8966961166
243 962 275 1018 T.
292 963 334 1017 M.
351 962 385 1016 P.
400 980 430 1032 p.
445 964 516 1029 222,
536 962 654 1017 Briuiue
672 962 734 1017 Em.
751 962 828 1032 Oupt.
843 981 874 1032 p.
888 970 937 1032 11,
960 962 1088 1020 Klotriue
1099 980 1129 1033 p.
1145 969 1208 1030 106,

60 1081 96 1135 u.
123 1077 210 1147 rare,
227 1079 260 1133 nc
278 1078 373 1146 rasa,
390 1046 481 1132 nasib
501 1078 705 1146 (661666
725 1079 794 1132 P=
807 1079 871 1147 un,
889 1079 988 1136 habito
1008 1080 1056 1150 n).

148 1163 211 1214 199,
240 1157 314 1214 Nam
331 1175 377 1214 me
395 1158 584 1214 Acheruntem
603 1159 684 1212 etium
702 1158 852 1214 Beutteiue.
878 1159 952 1213 Nam
970 1160 1000 1213 in
1019 1161 1208 1215 Acheruntem

60 1239 193 1295 Beibius:
211 1240 248 1307 ef.
267 1239 305 1294 ud
322 1256 347 1294 u.
362 1243 418 1295 509
435 1245 461 1296 et
478 1240 511 1294 de
530 1238 636 1294 Orchns
653 1240 794 1309 scriptura
809 1241 899 1309 praes.
918 1242 999 1294 Asin.
1015 1259 1044 1311 p.
1063 1239 1159 1297 XXV.

150 1333 212 1384 b00.
231 1327 335 1398 perfide
350 1327 504 1398 Scioppius.
515 1327 557 1394 Of.
570 1328 704 1383 Vseuerus
714 1329 818 1383 Auuul.
825 1330 922 1399 philol.
934 1329 1089 1399 CXVIIp.
1102 1334 1136 1383 74
1142 1345 1196 1398 sqq.
1199 1371 1208 1397 ,

61 1409 255 1480 1666966666
272 1408 305 1463 66
323 1407 379 1462 cte.
398 1409 460 1464 6166.
480 1409 531 1477 (ed.
548 1407 720 1478 Wireeburpi
737 1411 865 1477 61676)
882 1427 911 1478 p.
928 1413 970 1464 19.
990 1415 1026 1464 49
1039 1426 1088 1478 sq„
1107 1410 1143 1463 61.

149 1501 212 1551 bol.
245 1494 292 1551 hie
315 1512 360 1551 me
382 1496 479 1552 necuit
500 1496 650 1551 Brutteiue.
687 1514 731 1551 mc
754 1497 801 1552 hie
824 1497 937 1552 necauit
961 1498 1097 1569 669666,
1115 1497 1144 1551 u
1168 1515 1208 1553 re-

56 1581 202 1647 96966616
222 1577 364 1646 Kuempfio
383 1577 415 1632 de
429 1593 511 1647 prou.
527 1593 556 1646 p.
572 1581 616 1631 31.

149 1661 211 1711 6011.
245 1655 318 1710 clam
345 1657 376 1712 in
398 1656 476 1715 hisce
500 1656 617 1711 aedibus
640 1660 721 1714 etium
744 1658 788 1726 111,
810 1658 1010 1714 Fleclreieeuue.
1047 1657 1152 1712 ibidem
1178 1657 1208 1711 in

59 1736 137 1791 hisce
156 1735 274 1791 cedibm
296 1737 426 1805 (limetur.
456 1737 528 1791 clam
546 1736 653 1792 ibidem
672 1738 702 1792 in
721 1738 839 1792 aedibus
858 1739 989 1794 Butleiue:
1007 1740 1042 1805 es.
1057 1739 1208 1807 16696666

59 1817 148 1870 ‘Berl.
160 1817 230 1885 phil.
247 1816 364 1872 Wscbr.’
383 1817 434 1870 XI
443 1834 472 1887 p.
488 1820 552 1872 398.
579 1816 698 1872 Ceterum
713 1820 748 1885 cf.
763 1818 888 1873 Laeuius
902 1820 964 1873 Act.
979 1835 1030 1874 sue.
1043 1819 1112 1888 9161.
1128 1818 1205 1887 Lipe.

59 1897 80 1949 I
84 1896 112 1951 V
123 1913 154 1965 p.
170 1900 226 1952 319
244 1896 391 1952 61116661.
407 1898 503 1967 philol.
526 1897 601 1952 OXI
615 1915 645 1967 p.
662 1902 726 1953 527.

148 1974 389 2032 6018666666
421 1979 492 2032 haec
524 1978 609 2032 aedes
637 1978 834 2047 6169616611.
872 1976 997 2032 Scelesta
1027 1979 1096 2032 haec
1129 1977 1207 2034 aedis

62 2055 651 2125 11661666518661661661666666661.
669 2058 877 2128 Speupeliuel'.
895 2059 937 2112 M
954 2059 1206 2126 1692111661-

58 2137 132 2190 lerus
151 2152 182 2205 p
195 2141 269 2203 256,
299 2137 430 2193 chtrius
449 2156 479 2206 p.
494 2142 531 2193 62
553 2140 634 2207 (6666
659 2137 817 2193 Cureseuum
840 2139 873 2192 de
896 2139 958 2192 6166.
978 2137 1073 2207 1119.
1089 2143 1145 2191 660
1158 2154 1208 2206 eq„

57 2216 234 2271 audactum
257 2218 275 2271 1.
294 2233 315 2271 6.
334 2234 353 2272 6.
370 2235 401 2287 p.
418 2222 471 2272 106
488 2221 554 2274 666.
579 2225 604 2274 et
627 2220 661 2285 cs.
681 2219 802 2272 669161
823 2221 879 2286 69).
917 2217 1044 2272 Scelerae
1066 2217 1120 2272 hac
1143 2221 1208 2271 sunt

58 2295 252 2352 Fleckeieenus
260 2299 363 2354 Auuul
370 2299 466 2367 philol
473 2298 612 2354 CXLIII
614 2316 642 2368 p
650 2304 712 2353 661.
725 2298 845 2353 Ceterum
856 2300 890 2363 cs.
901 2299 934 2352 de
943 2297 1034 2368 166616)
1042 2296 1208 2353 Selrmcdtiue

57 2378 91 2432 66
105 2393 189 2447 prou.
204 2395 235 2447 p.
250 2381 285 2432 44
298 2394 352 2449 sqq.
371 2384 397 2433 et
415 2379 620 2434 Studemuudus
639 2379 743 2432 Annei.
762 2378 857 2445 911161.
878 2375 988 2430 CXIII
1001 2394 1030 2446 p.
1046 2382 1090 2432 61.

149 2470 203 2521 606
216 2482 270 2537 sqq.
298 2467 331 2521 St
354 2469 381 2521 st
403 2474 428 2522 et
452 2466 621 2537 Concrepuit
643 2466 709 2521 loris
731 2467 931 2522 Tnnornorrnr
946 2467 1021 2520 dedit
1040 2464 1083 2534 11,
1101 2467 1207 2537 reliqua

59 2545 214 2605 16161661
228 2563 283 2616 pru
306 2545 405 2601 Hicine
429 2549 566 2617 percussit
588 2548 707 2603 scriberes
725 2548 847 2601 Haecine
866 2547 1039 2615 percussuri:
1065 2547 1114 2600 ubi
1133 2546 1206 2610 Quid

120 2628 259 2683 factumst
285 2633 311 2682 et
337 2626 460 2682 Haecine
489 2632 648 2697 percursant
679 2627 878 2681 Trrnoeaorrnr
902 2626 1001 2680 tribuit
1029 2624 1207 2696 1666619166

58 2709 160 2764 Purser.
181 2707 284 2761 XVII
298 2724 328 2776 p.
343 2711 411 2775 467,
436 2707 535 2761 1116166
558 2706 713 2776 percussit?
813 2705 915 2759 mortui
939 2707 1022 2760 eidem
1046 2706 1207 2774 Speupelius

58 2790 126 2844 ibid.
143 2786 236 2841 XXV
246 2804 273 2854 p.
286 2792 339 2840 170
350 2803 403 2856 eq„-
420 2788 546 2841 similiter
565 2805 598 2842 66
611 2788 732 2842 Brixiae
750 2786 856 2839 iudicat
871 2787 1068 2856 Iuerpeuseuue
1084 2786 1206 2840 ε11116166.
1298 2809 1300 2812 ’

56 2867 212 2934 firmus?
239 2866 282 2918 VI
296 2883 325 2935 p.
341 2872 445 2936 59699.
483 2867 604 2922 Ceterum
627 2869 664 2921 66
687 2866 785 2919 Hicine
811 2865 892 2933 (9666
915 2866 983 2918 reule
1008 2866 1207 2931 affirmativum

57 2950 158 3002 baberet
171 2947 228 3002 Leo
241 2953 266 3000 et
280 2945 535 3016 Souueuscbeiuius)
550 2949 584 3014 cf.
596 2947 744 3018 6691166166
763 2947 845 2999 Burs.
859 2945 962 2997 Areual.
976 2945 1032 2997 XL
1040 2945 1084 2998 VI
1086 2947 1107 2998 I
1115 2964 1145 3014 p.
1155 2950 1192 3000 27
1197 2969 1206 3000 .·

56 3030 106 3097 qui
128 3032 221 3081 tumen
243 3043 304 3080 cum
327 3025 452 3097 Veeiupio
475 3033 544 3082 recte
566 3027 748 3098 66961Ηί616
772 3027 848 3078 iutue
866 3026 898 3078 de
921 3040 982 3079 seue
1001 3026 1057 3080 dici
1076 3028 1206 3094 potuisse.

58 3110 107 3163 Au
125 3108 196 3172 fuit.-
213 3104 335 3159 Haecine
354 3106 494 3175 percusti?
514 3106 529 3159 .2
567 3110 657 3161 Antea
675 3109 707 3161 66
726 3106 819 3160 Ceden
838 3103 969 3174 (666161)
992 3123 1024 3160 eu
1044 3104 1131 3160 Sedet
1148 3107 1205 3173 effi·

59 3189 156 3243 ciendo
173 3187 288 3256 9616666
306 3187 451 3257 66966161,
470 3187 563 3241 hercle
582 3189 685 3243 delebat
706 3187 831 3240 Weieiua

150 3280 209 3330 509.
248 3275 284 3328 66
312 3275 501 3329 Acheruntem
533 3276 586 3342 def.
608 3276 739 3330 Graiuiue
766 3274 843 3328 stud.
866 3272 910 3326 Pl.
927 3289 956 3341 p.
972 3278 1021 3340 16,
1055 3275 1206 3329 Muellerus

54 3375 84 3428 p.
99 3361 157 3412 362
171 3372 225 3426 69,
253 3356 415 3426 Goerbipius
439 3356 536 3410 ‘Nom
559 3358 658 3424 quibus
685 3358 744 3411 1666
771 3354 866 3425 619611.
884 3369 950 3407 usus
971 3354 1142 3422 Ρ1.’9.26.·
1170 3356 1205 3420 ef.

57 3437 224 3491 Ribbecltus
250 3440 319 3505 trup.
347 3435 600 3505 1669619611.
638 3436 825 3490 Acheruntem
855 3434 935 3487 etium
965 3433 1108 3488 Beutleius
1136 3435 1205 3489 Iler·

57 3517 346 3585 66666966666616
364 3515 466 3584 Mer-ip.
486 3517 583 3570 11661
604 3517 795 3571 Fleckeiseuus
814 3514 913 3568 Exere.
929 3530 960 3581 p.
975 3518 1019 3567 35.
1047 3513 1205 3568 1166116666-

56 3602 115 3654 tem
136 3597 182 3664 (es.
197 3597 235 3650 ud
251 3595 342 3648 Triu.³
353 3600 419 3663 494)
437 3597 599 3667 6966961166
612 3597 712 3651 Philet.
729 3595 823 3648 XXV
832 3613 861 3662 p.
872 3599 926 3648 170
936 3609 984 3662 sp,
999 3593 1144 3662 Hesperus
1164 3595 1207 3648 ‘dc

58 3679 142 3732 Pseu.
162 3675 301 3743 Ρ1.6691.
320 3674 474 3743 6679626
493 3677 571 3743 adra,
594 3677 747 3745 Koeuipius
772 3675 878 3744 Quueet.
901 3674 945 3727 Pl.
960 3690 990 3742 p.
1007 3678 1031 3729 4.
1071 3674 1107 3727 ad
1135 3674 1204 3729 Cha·

58 3760 168 3812 rentem
189 3756 221 3824 (l)
241 3754 494 3809 Sonueuscbeiuius.
518 3788 548 3795 -
568 3757 688 3810 mortui?
707 3757 768 3810 dist.
789 3755 943 3825 Seyffertus.

149 3840 211 3888 510.
230 3833 303 3888 Perii
317 3833 394 3888 illice
409 3835 507 3890 Dousu
517 3836 640 3905 Eupluu.
653 3838 712 3890 III
723 3839 754 3890 9.·
769 3837 804 3900 es.
818 3835 847 3887 11
865 3834 961 3901 Opust.
968 3834 1037 3901 9161.
1051 3834 1070 3884 1
1072 3834 1092 3884 I
1094 3875 1097 3880 .
1100 3851 1131 3901 p.
1142 3838 1204 3887 646.

150 3920 211 3967 516.
238 3911 315 3982 Euge
331 3913 512 3969 Camerarius.
528 3947 559 3955 -
582 3933 651 3983 quor
669 3915 796 3984 fugiam?
815 3914 864 3967 Ta.
886 3914 970 3967 etiam
991 3913 1021 3964 tu
1041 3910 1133 3979 fugis?
1151 3910 1205 3967 ΤΗ.

56 3996 185 4059 Eubius,
204 3992 248 4046 ut:
271 3994 320 4047 ubi
343 4010 475 4061 quocum
501 3996 620 4050 Vahleuo
642 3996 842 4064 ‘Sitcuupeber
862 3995 888 4048 6,
908 3994 983 4047 Berl.
1006 3991 1069 4043 Aln’
1091 3995 1205 4045 61863

54 4095 82 4145 p.
99 4080 137 4130 69
159 4075 313 4129 vindicavit
337 4074 486 4145 Seyffertue
510 4077 593 4130 Burs.
615 4076 718 4129 Areuul.
740 4074 869 4127 XLVII
884 4090 911 4139 p.
928 4078 965 4127 72
980 4089 1017 4140 sq.
1044 4072 1110 4141 [turre
1136 4089 1206 4139 quor

52 4157 217 4227 praeferens
239 4160 264 4208 et
286 4153 318 4207 de
341 4155 426 4208 etiam
446 4158 476 4208 tu
495 4155 587 4225 fugis?
609 4183 640 4200 =
662 4157 763 4224 ‘diciret
781 4155 853 4207 6666
873 4153 943 4205 6661
963 4151 1037 4205 du?'
1059 4151 1206 4221 66966661,

51 4252 237 4307 peremturum
263 4236 417 4289 aremoricus
440 4236 591 4290 Lureueiue
614 4237 679 4304 fuge
704 4238 820 4288 correcto
847 4233 896 4299 (sic
921 4231 1001 4284 ‘olim
1027 4231 1101 4284 edit’
1128 4233 1206 4297 apud

56 4315 234 4383 Gruterum),
259 4330 311 4381 pro
329 4331 382 4382 quo
400 4314 491 4382 fugies
511 4317 566 4369 ium
584 4316 669 4380 Pius,
697 4314 771 4381 fugis
793 4311 980 4376 Camerarius,
1004 4311 1110 4378 fugeris
1132 4310 1204 4365 Gru-

55 4403 146 4451 terus:
166 4395 201 4461 cs.
221 4394 259 4447 ud
276 4411 300 4448 6.
321 4398 385 4449 527.
421 4396 492 4449 Mox
512 4398 546 4462 (et
565 4413 588 4449 u.
609 4398 676 4461 524)
696 4392 765 4446 mihi
784 4408 838 4459 pax
858 4394 901 4443 est
919 4391 983 4444 irai.
1004 4391 1134 4460 (1696166.

148 4490 208 4536 615.
226 4483 295 4537 ‘Pro
306 4482 359 4535 ΤΗ.
375 4500 422 4552 696
433 4485 529 4539 Iuris
540 4484 756 4538 srcbstitueudum
770 4480 895 4534 intellexi
899 4501 907 4532 .·
922 4480 996 4532 Heus
1008 4480 1110 4532 Tranio
1120 4481 1203 4534 verbu

58 4567 250 4621 Puruosnuut
269 4564 326 4616 ium
349 4562 463 4618 Rectius
487 4564 583 4634 Opuse.
600 4582 629 4632 p.
646 4568 700 4615 136
723 4562 834 4623 tribuit,
859 4576 953 4613 erraras
972 4561 1004 4613 de
1022 4560 1145 4627 reliquis’
1167 4560 1203 4613 ’11

55 4646 179 4715 1169666
200 4659 279 4712 posse
299 4641 477 4711 Treuiuuem,
496 4645 576 4713 96661
594 4645 683 4709 iulus,
706 4658 762 4695 666
780 4658 799 4694 6
819 4640 1017 4708 Tlieopropide,
1036 4646 1147 4694 uocatus
1165 4643 1201 4695 sit

55 4726 103 4795 (es.
123 4742 148 4778 6.
169 4728 223 4776 519
238 4724 299 4791 sp),
316 4726 421 4777 mouuit
440 4725 596 4794 Seyffertus.
635 4722 687 4776 Sed
705 4723 740 4786 es.
760 4723 797 4776 ud
815 4738 838 4775 u.
859 4725 913 4775 517
926 4738 964 4790 69.

150 4809 200 4855 517
216 4819 255 4872 sq.
288 4802 354 4869 quid
379 4821 462 4872 aegre
487 4807 529 4858 est
549 4805 731 4871 ‘erempluria
752 4802 861 4872 priseu’
882 4803 978 4857 babere
1003 4801 1073 4857 Pius
1095 4803 1203 4857 scribit:
