<?xml version="1.0" encoding="UTF-8"?>
<!DOCTYPE html PUBLIC "-//W3C//DTD XHTML 1.0 Transitional//EN"
    "http://www.w3.org/TR/xhtml1/DTD/xhtml1-transitional.dtd">
<html xmlns="http://www.w3.org/1999/xhtml" xml:lang="en" lang="en">
 <head>
  <title>
</title>
<meta http-equiv="Content-Type" content="text/html;charset=utf-8" />
  <meta name='ocr-system' content='tesseract 3.04.00' />
  <meta name='ocr-capabilities' content='ocr_page ocr_carea ocr_par ocr_line ocrx_word'/>
</head>
<body>
  <div class='ocr_page' id='page_1' title='image "./tmacciplauticom01schgoog_0296.png"; bbox 0 0 2910 5528; ppageno 0'>
   <div class='ocr_carea' id='block_1_1' title="bbox 516 785 1200 845">
    <p class='ocr_par' dir='ltr' id='par_1_1' title="bbox 516 785 1200 845">
     <span class='ocr_line' id='line_1_1' title="bbox 516 785 1200 845; baseline 0.003 -4"><span class='ocrx_word' id='word_1_1' title='bbox 516 785 728 842; x_wconf 73' lang='lat' dir='ltr'><strong>Pssssa‘flo</strong></span> <span class='ocrx_word' id='word_1_2' title='bbox 1109 788 1200 845; x_wconf 81' lang='lat' dir='ltr'><strong>xxlx</strong></span> 
     </span>
    </p>
   </div>
   <div class='ocr_carea' id='block_1_2' title="bbox 135 949 1207 1675">
    <p class='ocr_par' dir='ltr' id='par_1_2' title="bbox 135 949 1207 1675">
     <span class='ocr_line' id='line_1_2' title="bbox 135 949 1203 1037; baseline 0.003 -23"><span class='ocrx_word' id='word_1_3' title='bbox 135 950 167 1015; x_wconf 81' lang='grc'><strong>17</strong></span> <span class='ocrx_word' id='word_1_4' title='bbox 192 950 329 1035; x_wconf 87' lang='lat' dir='ltr'><strong>positis:</strong></span> <span class='ocrx_word' id='word_1_5' title='bbox 357 949 550 1034; x_wconf 86' lang='lat' dir='ltr'><strong>praesertim</strong></span> <span class='ocrx_word' id='word_1_6' title='bbox 576 970 650 1017; x_wconf 90' lang='lat' dir='ltr'><strong>cnm</strong></span> <span class='ocrx_word' id='word_1_7' title='bbox 678 951 756 1016; x_wconf 87' lang='lat' dir='ltr'><strong>talis</strong></span> <span class='ocrx_word' id='word_1_8' title='bbox 783 952 888 1037; x_wconf 87' lang='lat' dir='ltr'><strong>qualis</strong></span> <span class='ocrx_word' id='word_1_9' title='bbox 916 950 962 1016; x_wconf 90' lang='lat' dir='ltr'><strong>ibi</strong></span> <span class='ocrx_word' id='word_1_10' title='bbox 985 950 1019 1017; x_wconf 94' lang='lat' dir='ltr'><strong>in</strong></span> <span class='ocrx_word' id='word_1_11' title='bbox 1042 950 1203 1017; x_wconf 84' lang='lat' dir='ltr'><strong>Palatinis</strong></span> 
     </span>
     <span class='ocr_line' id='line_1_3' title="bbox 135 1056 1204 1143; baseline 0.001 -21"><span class='ocrx_word' id='word_1_12' title='bbox 135 1057 226 1143; x_wconf 84' lang='lat' dir='ltr'><strong>nepti</strong></span> <span class='ocrx_word' id='word_1_13' title='bbox 243 1057 405 1123; x_wconf 85' lang='lat' dir='ltr'><strong>sermonis</strong></span> <span class='ocrx_word' id='word_1_14' title='bbox 427 1057 648 1140; x_wconf 64' lang='lat' dir='ltr'><strong>interpellatio</strong></span> <span class='ocrx_word' id='word_1_15' title='bbox 672 1058 805 1122; x_wconf 85' lang='lat' dir='ltr'><strong>minime</strong></span> <span class='ocrx_word' id='word_1_16' title='bbox 823 1057 978 1124; x_wconf 87' lang='lat' dir='ltr'><strong>Plautina</strong></span> <span class='ocrx_word' id='word_1_17' title='bbox 997 1057 1107 1124; x_wconf 77' lang='grc'><strong>611-</strong></span> <span class='ocrx_word' id='word_1_18' title='bbox 1127 1056 1204 1124; x_wconf 89' lang='lat' dir='ltr'><strong>Non</strong></span> 
     </span>
     <span class='ocr_line' id='line_1_4' title="bbox 135 1162 1206 1247; baseline 0.002 -20"><span class='ocrx_word' id='word_1_19' title='bbox 135 1164 179 1247; x_wconf 88' lang='lat' dir='ltr'><strong>is,</strong></span> <span class='ocrx_word' id='word_1_20' title='bbox 207 1163 272 1241; x_wconf 84' lang='lat' dir='ltr'><strong>nisi</strong></span> <span class='ocrx_word' id='word_1_21' title='bbox 299 1163 410 1247; x_wconf 82' lang='lat' dir='ltr'><strong>fallor,</strong></span> <span class='ocrx_word' id='word_1_22' title='bbox 436 1162 601 1229; x_wconf 79' lang='lat' dir='ltr'><strong>sufficiunt</strong></span> <span class='ocrx_word' id='word_1_23' title='bbox 627 1163 790 1229; x_wconf 82' lang='lat' dir='ltr'><strong>interiecti</strong></span> <span class='ocrx_word' id='word_1_24' title='bbox 820 1164 907 1229; x_wconf 89' lang='lat' dir='ltr'><strong>inter</strong></span> <span class='ocrx_word' id='word_1_25' title='bbox 933 1186 962 1230; x_wconf 83' lang='lat' dir='ltr'><strong>r.</strong></span> <span class='ocrx_word' id='word_1_26' title='bbox 987 1163 1052 1231; x_wconf 77' lang='grc'><strong>190</strong></span> <span class='ocrx_word' id='word_1_27' title='bbox 1081 1168 1114 1229; x_wconf 88' lang='grc'><strong>61</strong></span> <span class='ocrx_word' id='word_1_28' title='bbox 1140 1164 1206 1231; x_wconf 88' lang='grc'><strong>820</strong></span> 
     </span>
     <span class='ocr_line' id='line_1_5' title="bbox 135 1268 1207 1357; baseline 0.002 -22"><span class='ocrx_word' id='word_1_29' title='bbox 135 1293 170 1335; x_wconf 91' lang='lat' dir='ltr'><strong>ns</strong></span> <span class='ocrx_word' id='word_1_30' title='bbox 194 1268 317 1354; x_wconf 80' lang='lat' dir='ltr'>XXXI,</span> <span class='ocrx_word' id='word_1_31' title='bbox 337 1271 373 1335; x_wconf 91' lang='lat' dir='ltr'><strong>in</strong></span> <span class='ocrx_word' id='word_1_32' title='bbox 396 1271 513 1357; x_wconf 87' lang='lat' dir='ltr'><strong>quibus</strong></span> <span class='ocrx_word' id='word_1_33' title='bbox 535 1274 611 1336; x_wconf 88' lang='lat' dir='ltr'><strong>octo</strong></span> <span class='ocrx_word' id='word_1_34' title='bbox 630 1274 707 1336; x_wconf 89' lang='lat' dir='ltr'><strong>sunt</strong></span> <span class='ocrx_word' id='word_1_35' title='bbox 729 1270 836 1335; x_wconf 83' lang='lat' dir='ltr'><strong>brevis</strong></span> <span class='ocrx_word' id='word_1_36' title='bbox 860 1292 1038 1356; x_wconf 78' lang='lat' dir='ltr'><strong>mensurae,</strong></span> <span class='ocrx_word' id='word_1_37' title='bbox 1061 1270 1101 1337; x_wconf 88' lang='lat' dir='ltr'><strong>ad</strong></span> <span class='ocrx_word' id='word_1_38' title='bbox 1120 1293 1207 1339; x_wconf 89' lang='lat' dir='ltr'><strong>oom-</strong></span> 
     </span>
     <span class='ocr_line' id='line_1_6' title="bbox 135 1375 1206 1463; baseline 0.002 -22"><span class='ocrx_word' id='word_1_39' title='bbox 135 1377 209 1443; x_wconf 86' lang='lat' dir='ltr'><strong>dam</strong></span> <span class='ocrx_word' id='word_1_40' title='bbox 241 1376 476 1463; x_wconf 36' lang='lat' dir='ltr'><strong>membranam,</strong></span> <span class='ocrx_word' id='word_1_41' title='bbox 490 1375 534 1443; x_wconf 86' lang='lat' dir='ltr'><strong>D.</strong></span> <span class='ocrx_word' id='word_1_42' title='bbox 547 1378 582 1460; x_wconf 86' lang='lat' dir='ltr'><strong>d,</strong></span> <span class='ocrx_word' id='word_1_43' title='bbox 611 1377 803 1462; x_wconf 85' lang='lat' dir='ltr'><strong>praesertim</strong></span> <span class='ocrx_word' id='word_1_44' title='bbox 832 1377 987 1443; x_wconf 84' lang='lat' dir='ltr'><strong>detractis</strong></span> <span class='ocrx_word' id='word_1_45' title='bbox 1015 1398 1097 1462; x_wconf 89' lang='lat' dir='ltr'><strong>quos</strong></span> <span class='ocrx_word' id='word_1_46' title='bbox 1130 1382 1206 1463; x_wconf 94' lang='lat' dir='ltr'><strong>post</strong></span> 
     </span>
     <span class='ocr_line' id='line_1_7' title="bbox 135 1481 1206 1568; baseline 0.003 -20"><span class='ocrx_word' id='word_1_47' title='bbox 135 1484 167 1549; x_wconf 86' lang='grc'><strong>,6</strong></span> <span class='ocrx_word' id='word_1_48' title='bbox 186 1484 270 1550; x_wconf 87' lang='lat' dir='ltr'><strong>duos</strong></span> <span class='ocrx_word' id='word_1_49' title='bbox 284 1482 536 1549; x_wconf 83' lang='lat' dir='ltr'><strong>exturbavimus.</strong></span> <span class='ocrx_word' id='word_1_50' title='bbox 562 1481 633 1549; x_wconf 89' lang='lat' dir='ltr'><strong>Nec</strong></span> <span class='ocrx_word' id='word_1_51' title='bbox 649 1486 760 1549; x_wconf 86' lang='lat' dir='ltr'><strong>tamen</strong></span> <span class='ocrx_word' id='word_1_52' title='bbox 778 1484 843 1548; x_wconf 89' lang='lat' dir='ltr'><strong>ubi</strong></span> <span class='ocrx_word' id='word_1_53' title='bbox 861 1483 984 1568; x_wconf 88' lang='lat' dir='ltr'><strong>aliquid</strong></span> <span class='ocrx_word' id='word_1_54' title='bbox 1002 1483 1206 1551; x_wconf 75' lang='lat' dir='ltr'><strong>intercidisse</strong></span> 
     </span>
     <span class='ocr_line' id='line_1_8' title="bbox 135 1588 1207 1675; baseline -0.002 -18"><span class='ocrx_word' id='word_1_55' title='bbox 135 1596 213 1675; x_wconf 76' lang='lat' dir='ltr'><strong>atur,</strong></span> <span class='ocrx_word' id='word_1_56' title='bbox 231 1611 318 1656; x_wconf 90' lang='lat' dir='ltr'><strong>nnnc</strong></span> <span class='ocrx_word' id='word_1_57' title='bbox 336 1589 440 1675; x_wconf 76' lang='lat' dir='ltr'><strong>magia</strong></span> <span class='ocrx_word' id='word_1_58' title='bbox 455 1612 553 1674; x_wconf 89' lang='lat' dir='ltr'><strong>quam</strong></span> <span class='ocrx_word' id='word_1_59' title='bbox 567 1590 645 1656; x_wconf 89' lang='lat' dir='ltr'><strong>olim</strong></span> <span class='ocrx_word' id='word_1_60' title='bbox 663 1588 795 1675; x_wconf 80' lang='lat' dir='ltr'><strong>Psrerg.</strong></span> <span class='ocrx_word' id='word_1_61' title='bbox 810 1614 840 1675; x_wconf 87' lang='lat' dir='ltr'><strong>p.</strong></span> <span class='ocrx_word' id='word_1_62' title='bbox 856 1591 922 1656; x_wconf 89' lang='grc'><strong>464</strong></span> <span class='ocrx_word' id='word_1_63' title='bbox 939 1590 1044 1657; x_wconf 87' lang='lat' dir='ltr'><strong>dicere</strong></span> <span class='ocrx_word' id='word_1_64' title='bbox 1064 1612 1207 1675; x_wconf 90' lang='lat' dir='ltr'><strong>possum.</strong></span> 
     </span>
    </p>
   </div>
   <div class='ocr_carea' id='block_1_3' title="bbox 135 1695 1207 2103">
    <p class='ocr_par' dir='ltr' id='par_1_3' title="bbox 135 1695 1207 2103">
     <span class='ocr_line' id='line_1_9' title="bbox 135 1695 1207 1782; baseline 0.002 -21"><span class='ocrx_word' id='word_1_65' title='bbox 135 1718 261 1782; x_wconf 86' lang='lat' dir='ltr'><strong>nquam</strong></span> <span class='ocrx_word' id='word_1_66' title='bbox 279 1696 376 1763; x_wconf 86' lang='lat' dir='ltr'><strong>etiam</strong></span> <span class='ocrx_word' id='word_1_67' title='bbox 394 1695 473 1761; x_wconf 90' lang='lat' dir='ltr'><strong>alibi</strong></span> <span class='ocrx_word' id='word_1_68' title='bbox 489 1717 577 1780; x_wconf 85' lang='lat' dir='ltr'><strong>sane,</strong></span> <span class='ocrx_word' id='word_1_69' title='bbox 590 1695 647 1761; x_wconf 88' lang='lat' dir='ltr'><strong>ubi</strong></span> <span class='ocrx_word' id='word_1_70' title='bbox 663 1696 697 1761; x_wconf 92' lang='lat' dir='ltr'><strong>in</strong></span> <span class='ocrx_word' id='word_1_71' title='bbox 711 1695 871 1762; x_wconf 70' lang='lat' dir='ltr'><strong>Palatinis</strong></span> <span class='ocrx_word' id='word_1_72' title='bbox 884 1696 1035 1763; x_wconf 85' lang='lat' dir='ltr'><strong>lacunam</strong></span> <span class='ocrx_word' id='word_1_73' title='bbox 1049 1718 1120 1763; x_wconf 89' lang='lat' dir='ltr'><strong>esse</strong></span> <span class='ocrx_word' id='word_1_74' title='bbox 1136 1697 1207 1781; x_wconf 90' lang='lat' dir='ltr'><strong>ipse</strong></span> 
     </span>
     <span class='ocr_line' id='line_1_10' title="bbox 135 1802 1207 1888; baseline -0.001 -19"><span class='ocrx_word' id='word_1_75' title='bbox 135 1803 298 1869; x_wconf 75' lang='lat' dir='ltr'><strong>&gt;resimas</strong></span> <span class='ocrx_word' id='word_1_76' title='bbox 321 1802 451 1886; x_wconf 81' lang='lat' dir='ltr'><strong>evincit,</strong></span> <span class='ocrx_word' id='word_1_77' title='bbox 472 1806 512 1868; x_wconf 90' lang='lat' dir='ltr'><strong>ut</strong></span> <span class='ocrx_word' id='word_1_78' title='bbox 529 1808 606 1888; x_wconf 87' lang='lat' dir='ltr'><strong>post</strong></span> <span class='ocrx_word' id='word_1_79' title='bbox 623 1825 652 1868; x_wconf 83' lang='lat' dir='ltr'><strong>r.</strong></span> <span class='ocrx_word' id='word_1_80' title='bbox 671 1803 747 1886; x_wconf 83' lang='lat'><strong>939,</strong></span> <span class='ocrx_word' id='word_1_81' title='bbox 770 1803 843 1888; x_wconf 88' lang='lat' dir='ltr'><strong>quis</strong></span> <span class='ocrx_word' id='word_1_82' title='bbox 865 1804 997 1869; x_wconf 86' lang='lat' dir='ltr'><strong>tandem</strong></span> <span class='ocrx_word' id='word_1_83' title='bbox 1016 1803 1129 1869; x_wconf 86' lang='lat' dir='ltr'><strong>deesse</strong></span> <span class='ocrx_word' id='word_1_84' title='bbox 1150 1803 1207 1868; x_wconf 90' lang='lat' dir='ltr'><strong>ali-</strong></span> 
     </span>
     <span class='ocr_line' id='line_1_11' title="bbox 157 1908 1206 1995; baseline 0.001 -20"><span class='ocrx_word' id='word_1_85' title='bbox 157 1909 292 1995; x_wconf 85' lang='lat' dir='ltr'><strong>asseqni</strong></span> <span class='ocrx_word' id='word_1_86' title='bbox 313 1908 489 1975; x_wconf 80' lang='lat' dir='ltr'><strong>divinando</strong></span> <span class='ocrx_word' id='word_1_87' title='bbox 511 1908 688 1994; x_wconf 81' lang='lat' dir='ltr'><strong>potuerat?</strong></span> <span class='ocrx_word' id='word_1_88' title='bbox 711 1909 764 1974; x_wconf 83' lang='lat' dir='ltr'><strong>rel</strong></span> <span class='ocrx_word' id='word_1_89' title='bbox 786 1910 859 1994; x_wconf 87' lang='lat' dir='ltr'><strong>quis</strong></span> <span class='ocrx_word' id='word_1_90' title='bbox 882 1914 959 1994; x_wconf 91' lang='lat' dir='ltr'><strong>post</strong></span> <span class='ocrx_word' id='word_1_91' title='bbox 978 1933 1005 1974; x_wconf 81' lang='lat' dir='ltr'><strong>v.</strong></span> <span class='ocrx_word' id='word_1_92' title='bbox 1027 1910 1114 1976; x_wconf 77' lang='lat'>1054</span> <span class='ocrx_word' id='word_1_93' title='bbox 1135 1914 1206 1975; x_wconf 83' lang='lat' dir='ltr'><strong>tan·</strong></span> 
     </span>
     <span class='ocr_line' id='line_1_12' title="bbox 145 2014 1206 2103; baseline 0 -23"><span class='ocrx_word' id='word_1_94' title='bbox 145 2019 309 2101; x_wconf 88' lang='lat' dir='ltr'><strong>qnantum</strong></span> <span class='ocrx_word' id='word_1_95' title='bbox 328 2015 441 2081; x_wconf 84' lang='lat' dir='ltr'><strong>deesse</strong></span> <span class='ocrx_word' id='word_1_96' title='bbox 459 2014 545 2079; x_wconf 89' lang='lat' dir='ltr'><strong>idem</strong></span> <span class='ocrx_word' id='word_1_97' title='bbox 563 2015 619 2080; x_wconf 91' lang='lat' dir='ltr'><strong>illc</strong></span> <span class='ocrx_word' id='word_1_98' title='bbox 637 2015 737 2081; x_wconf 80' lang='lat' dir='ltr'><strong>sodex</strong></span> <span class='ocrx_word' id='word_1_99' title='bbox 756 2016 888 2082; x_wconf 78' lang='lat' dir='ltr'><strong>docuit?</strong></span> <span class='ocrx_word' id='word_1_100' title='bbox 906 2053 949 2063; x_wconf 90' lang='lat'>-</span> <span class='ocrx_word' id='word_1_101' title='bbox 969 2015 1079 2103; x_wconf 78' lang='lat' dir='ltr'><strong>Longe</strong></span> <span class='ocrx_word' id='word_1_102' title='bbox 1098 2021 1206 2082; x_wconf 89' lang='lat' dir='ltr'><strong>antem</strong></span> 
     </span>
    </p>
   </div>
   <div class='ocr_carea' id='block_1_4' title="bbox 135 2121 1222 4978">
    <p class='ocr_par' dir='ltr' id='par_1_4' title="bbox 135 2121 1222 4978">
     <span class='ocr_line' id='line_1_13' title="bbox 153 2121 1208 2209; baseline 0.001 -21"><span class='ocrx_word' id='word_1_103' title='bbox 153 2144 309 2189; x_wconf 83' lang='lat' dir='ltr'><strong>versuum</strong></span> <span class='ocrx_word' id='word_1_104' title='bbox 336 2142 434 2207; x_wconf 88' lang='lat' dir='ltr'><strong>quam</strong></span> <span class='ocrx_word' id='word_1_105' title='bbox 457 2121 513 2207; x_wconf 90' lang='lat' dir='ltr'><strong>qui</strong></span> <span class='ocrx_word' id='word_1_106' title='bbox 542 2127 618 2187; x_wconf 89' lang='lat' dir='ltr'><strong>sunt</strong></span> <span class='ocrx_word' id='word_1_107' title='bbox 645 2122 755 2188; x_wconf 83' lang='grc'><strong>6992</strong></span> <span class='ocrx_word' id='word_1_108' title='bbox 783 2123 824 2187; x_wconf 86' lang='lat' dir='ltr'><strong>sd</strong></span> <span class='ocrx_word' id='word_1_109' title='bbox 850 2122 934 2189; x_wconf 89' lang='grc'><strong>1042</strong></span> <span class='ocrx_word' id='word_1_110' title='bbox 967 2123 1143 2209; x_wconf 73' lang='lat' dir='ltr'><strong>requiritur</strong></span> <span class='ocrx_word' id='word_1_111' title='bbox 1166 2125 1208 2189; x_wconf 90' lang='lat' dir='ltr'><strong>ad</strong></span> 
     </span>
     <span class='ocr_line' id='line_1_14' title="bbox 135 2226 1207 2314; baseline 0.002 -21"><span class='ocrx_word' id='word_1_112' title='bbox 135 2234 216 2294; x_wconf 83' lang='lat' dir='ltr'><strong>tuor</strong></span> <span class='ocrx_word' id='word_1_113' title='bbox 238 2228 433 2314; x_wconf 72' lang='lat' dir='ltr'><strong>paginarum</strong></span> <span class='ocrx_word' id='word_1_114' title='bbox 459 2226 499 2295; x_wconf 76' lang='lat' dir='ltr'><strong>G.</strong></span> <span class='ocrx_word' id='word_1_115' title='bbox 509 2248 541 2313; x_wconf 76' lang='lat'><strong>9.</strong></span> <span class='ocrx_word' id='word_1_116' title='bbox 563 2228 644 2294; x_wconf 68' lang='lat' dir='ltr'><strong>Et</strong></span> <span class='ocrx_word' id='word_1_117' title='bbox 666 2228 781 2311; x_wconf 89' lang='lat' dir='ltr'><strong>[immo</strong></span> <span class='ocrx_word' id='word_1_118' title='bbox 804 2228 843 2294; x_wconf 86' lang='lat' dir='ltr'><strong>F.</strong></span> <span class='ocrx_word' id='word_1_119' title='bbox 855 2229 885 2310; x_wconf 78' lang='lat' dir='ltr'><strong>f:</strong></span> <span class='ocrx_word' id='word_1_120' title='bbox 908 2228 982 2295; x_wconf 83' lang='lat' dir='ltr'><strong>vide</strong></span> <span class='ocrx_word' id='word_1_121' title='bbox 1005 2230 1117 2314; x_wconf 86' lang='lat' dir='ltr'><strong>supra]</strong></span> <span class='ocrx_word' id='word_1_122' title='bbox 1141 2252 1207 2295; x_wconf 86' lang='lat' dir='ltr'><strong>am·</strong></span> 
     </span>
     <span class='ocr_line' id='line_1_15' title="bbox 135 2334 1208 2422; baseline 0 -21"><span class='ocrx_word' id='word_1_123' title='bbox 135 2358 166 2401; x_wconf 90' lang='lat' dir='ltr'><strong>m</strong></span> <span class='ocrx_word' id='word_1_124' title='bbox 199 2334 410 2421; x_wconf 84' lang='lat' dir='ltr'><strong>explendum:</strong></span> <span class='ocrx_word' id='word_1_125' title='bbox 440 2356 556 2420; x_wconf 88' lang='lat' dir='ltr'><strong>parum</strong></span> <span class='ocrx_word' id='word_1_126' title='bbox 588 2336 675 2402; x_wconf 90' lang='lat' dir='ltr'><strong>enim</strong></span> <span class='ocrx_word' id='word_1_127' title='bbox 706 2336 840 2420; x_wconf 87' lang='lat' dir='ltr'><strong>prodest</strong></span> <span class='ocrx_word' id='word_1_128' title='bbox 872 2336 959 2422; x_wconf 90' lang='lat' dir='ltr'><strong>quod</strong></span> <span class='ocrx_word' id='word_1_129' title='bbox 989 2340 1103 2402; x_wconf 84' lang='lat' dir='ltr'><strong>nostre</strong></span> <span class='ocrx_word' id='word_1_130' title='bbox 1133 2358 1208 2403; x_wconf 91' lang='lat' dir='ltr'><strong>cun·</strong></span> 
     </span>
     <span class='ocr_line' id='line_1_16' title="bbox 135 2441 1207 2528; baseline 0.001 -22"><span class='ocrx_word' id='word_1_131' title='bbox 135 2441 324 2507; x_wconf 75' lang='lat' dir='ltr'><strong>arefactum</strong></span> <span class='ocrx_word' id='word_1_132' title='bbox 337 2444 432 2507; x_wconf 82' lang='lat' dir='ltr'><strong>ests.</strong></span> <span class='ocrx_word' id='word_1_133' title='bbox 449 2442 536 2509; x_wconf 88' lang='grc'><strong>1018</strong></span> <span class='ocrx_word' id='word_1_134' title='bbox 550 2464 619 2528; x_wconf 88' lang='lat' dir='ltr'><strong>sqq.</strong></span> <span class='ocrx_word' id='word_1_135' title='bbox 637 2441 881 2509; x_wconf 80' lang='lat' dir='ltr'><strong>inerementnna</strong></span> <span class='ocrx_word' id='word_1_136' title='bbox 903 2441 967 2509; x_wconf 88' lang='lat' dir='ltr'><strong>Hic</strong></span> <span class='ocrx_word' id='word_1_137' title='bbox 979 2442 1082 2528; x_wconf 82' lang='lat' dir='ltr'><strong>igitur</strong></span> <span class='ocrx_word' id='word_1_138' title='bbox 1096 2463 1207 2509; x_wconf 82' lang='lat' dir='ltr'><strong>versus</strong></span> 
     </span>
     <span class='ocr_line' id='line_1_17' title="bbox 137 2545 1207 2633; baseline 0.002 -22"><span class='ocrx_word' id='word_1_139' title='bbox 137 2556 188 2612; x_wconf 88' lang='lat' dir='ltr'><strong>ter</strong></span> <span class='ocrx_word' id='word_1_140' title='bbox 210 2545 333 2630; x_wconf 86' lang='lat' dir='ltr'>XXIII,</span> <span class='ocrx_word' id='word_1_141' title='bbox 355 2550 390 2612; x_wconf 90' lang='lat' dir='ltr'><strong>et</strong></span> <span class='ocrx_word' id='word_1_142' title='bbox 406 2569 462 2613; x_wconf 81' lang='lat' dir='ltr'><strong>eos</strong></span> <span class='ocrx_word' id='word_1_143' title='bbox 481 2547 609 2633; x_wconf 86' lang='lat' dir='ltr'><strong>quidem</strong></span> <span class='ocrx_word' id='word_1_144' title='bbox 635 2553 712 2633; x_wconf 90' lang='lat' dir='ltr'><strong>post</strong></span> <span class='ocrx_word' id='word_1_145' title='bbox 733 2570 762 2616; x_wconf 83' lang='lat' dir='ltr'><strong>r.</strong></span> <span class='ocrx_word' id='word_1_146' title='bbox 783 2549 878 2632; x_wconf 91' lang='grc'><strong>1026,</strong></span> <span class='ocrx_word' id='word_1_147' title='bbox 900 2548 1103 2614; x_wconf 84' lang='lat' dir='ltr'><strong>intercidisse</strong></span> <span class='ocrx_word' id='word_1_148' title='bbox 1127 2550 1207 2615; x_wconf 88' lang='lat' dir='ltr'><strong>satis</strong></span> 
     </span>
     <span class='ocr_line' id='line_1_18' title="bbox 135 2653 1210 2741; baseline 0.003 -22"><span class='ocrx_word' id='word_1_149' title='bbox 135 2676 172 2719; x_wconf 88' lang='lat' dir='ltr'><strong>or</strong></span> <span class='ocrx_word' id='word_1_150' title='bbox 201 2653 332 2739; x_wconf 84' lang='lat' dir='ltr'><strong>Parcrg.</strong></span> <span class='ocrx_word' id='word_1_151' title='bbox 355 2678 386 2739; x_wconf 94' lang='lat' dir='ltr'><strong>p.</strong></span> <span class='ocrx_word' id='word_1_152' title='bbox 404 2655 472 2719; x_wconf 83' lang='lat'><strong>464</strong></span> <span class='ocrx_word' id='word_1_153' title='bbox 491 2677 561 2740; x_wconf 85' lang='lat' dir='ltr'><strong>sqq.</strong></span> <span class='ocrx_word' id='word_1_154' title='bbox 590 2655 782 2740; x_wconf 87' lang='lat' dir='ltr'><strong>disputasse.</strong></span> <span class='ocrx_word' id='word_1_155' title='bbox 811 2692 852 2701; x_wconf 89' lang='lat'><em>-</em></span> <span class='ocrx_word' id='word_1_156' title='bbox 882 2655 1004 2721; x_wconf 90' lang='lat' dir='ltr'><strong>Verum</strong></span> <span class='ocrx_word' id='word_1_157' title='bbox 1032 2655 1210 2741; x_wconf 81' lang='lat' dir='ltr'><strong>enimvero,</strong></span> 
     </span>
     <span class='ocr_line' id='line_1_19' title="bbox 160 2760 1207 2847; baseline 0.003 -22"><span class='ocrx_word' id='word_1_158' title='bbox 160 2762 222 2826; x_wconf 86' lang='lat' dir='ltr'><strong>has</strong></span> <span class='ocrx_word' id='word_1_159' title='bbox 246 2760 374 2845; x_wconf 90' lang='lat' dir='ltr'><strong>quidem</strong></span> <span class='ocrx_word' id='word_1_160' title='bbox 399 2762 633 2846; x_wconf 86' lang='lat' dir='ltr'><strong>discrepantias</strong></span> <span class='ocrx_word' id='word_1_161' title='bbox 657 2784 770 2827; x_wconf 88' lang='lat' dir='ltr'><strong>omncs</strong></span> <span class='ocrx_word' id='word_1_162' title='bbox 799 2763 907 2847; x_wconf 91' lang='lat' dir='ltr'><strong>aliquo</strong></span> <span class='ocrx_word' id='word_1_163' title='bbox 932 2763 1028 2828; x_wconf 86' lang='lat' dir='ltr'><strong>modo</strong></span> <span class='ocrx_word' id='word_1_164' title='bbox 1058 2763 1207 2847; x_wconf 85' lang='lat' dir='ltr'><strong>expedire</strong></span> 
     </span>
     <span class='ocr_line' id='line_1_20' title="bbox 135 2867 1208 2952; baseline 0.002 -21"><span class='ocrx_word' id='word_1_165' title='bbox 135 2869 204 2950; x_wconf 67' lang='lat' dir='ltr'><strong>erit,</strong></span> <span class='ocrx_word' id='word_1_166' title='bbox 233 2890 299 2933; x_wconf 89' lang='lat' dir='ltr'><strong>nna</strong></span> <span class='ocrx_word' id='word_1_167' title='bbox 321 2867 518 2934; x_wconf 87' lang='lat' dir='ltr'><strong>calculorum</strong></span> <span class='ocrx_word' id='word_1_168' title='bbox 542 2868 718 2935; x_wconf 82' lang='lat' dir='ltr'><strong>difficultas</strong></span> <span class='ocrx_word' id='word_1_169' title='bbox 742 2874 859 2952; x_wconf 87' lang='lat' dir='ltr'><strong>restat,</strong></span> <span class='ocrx_word' id='word_1_170' title='bbox 882 2869 972 2934; x_wconf 87' lang='lat' dir='ltr'><strong>cuins</strong></span> <span class='ocrx_word' id='word_1_171' title='bbox 996 2868 1208 2935; x_wconf 84' lang='lat' dir='ltr'><strong>removendae</strong></span> 
     </span>
     <span class='ocr_line' id='line_1_21' title="bbox 135 2974 1208 3063; baseline 0.003 -25"><span class='ocrx_word' id='word_1_172' title='bbox 135 2999 142 3038; x_wconf 83' lang='grc' dir='ltr'>ι</span> <span class='ocrx_word' id='word_1_173' title='bbox 170 2975 353 3057; x_wconf 88' lang='lat' dir='ltr'><strong>probabilis</strong></span> <span class='ocrx_word' id='word_1_174' title='bbox 377 2975 430 3040; x_wconf 86' lang='lat' dir='ltr'><strong>via</strong></span> <span class='ocrx_word' id='word_1_175' title='bbox 457 2975 550 3041; x_wconf 89' lang='lat' dir='ltr'><strong>nulla</strong></span> <span class='ocrx_word' id='word_1_176' title='bbox 572 2981 703 3060; x_wconf 88' lang='lat' dir='ltr'><strong>praesto</strong></span> <span class='ocrx_word' id='word_1_177' title='bbox 727 2979 778 3041; x_wconf 87' lang='lat' dir='ltr'><strong>sit.</strong></span> <span class='ocrx_word' id='word_1_178' title='bbox 820 2974 907 3041; x_wconf 90' lang='lat' dir='ltr'><strong>Nam</strong></span> <span class='ocrx_word' id='word_1_179' title='bbox 930 2977 983 3061; x_wconf 89' lang='lat' dir='ltr'><strong>qni</strong></span> <span class='ocrx_word' id='word_1_180' title='bbox 1014 2982 1090 3060; x_wconf 89' lang='lat' dir='ltr'><strong>post</strong></span> <span class='ocrx_word' id='word_1_181' title='bbox 1116 2977 1208 3063; x_wconf 82' lang='lat' dir='ltr'><strong>pagi·</strong></span> 
     </span>
     <span class='ocr_line' id='line_1_22' title="bbox 135 3081 1208 3167; baseline 0.003 -24"><span class='ocrx_word' id='word_1_182' title='bbox 135 3134 137 3142; x_wconf 94' lang='lat'>.</span> <span class='ocrx_word' id='word_1_183' title='bbox 158 3081 235 3166; x_wconf 83' lang='grc'><strong>302,</strong></span> <span class='ocrx_word' id='word_1_184' title='bbox 258 3083 290 3146; x_wconf 90' lang='lat' dir='ltr'><strong>in</strong></span> <span class='ocrx_word' id='word_1_185' title='bbox 310 3082 400 3147; x_wconf 89' lang='lat' dir='ltr'><strong>cuius</strong></span> <span class='ocrx_word' id='word_1_186' title='bbox 419 3084 483 3147; x_wconf 86' lang='lat' dir='ltr'><strong>fine</strong></span> <span class='ocrx_word' id='word_1_187' title='bbox 502 3083 725 3167; x_wconf 79' lang='lat' dir='ltr'><strong>quaternionis</strong></span> <span class='ocrx_word' id='word_1_188' title='bbox 745 3106 898 3148; x_wconf 81' lang='lat' dir='ltr'><strong>numerus</strong></span> <span class='ocrx_word' id='word_1_189' title='bbox 916 3082 1025 3147; x_wconf 81' lang='lat' dir='ltr'>XLIII</span> <span class='ocrx_word' id='word_1_190' title='bbox 1049 3084 1208 3167; x_wconf 88' lang='lat' dir='ltr'><strong>apparuit,</strong></span> 
     </span>
     <span class='ocr_line' id='line_1_23' title="bbox 135 3187 1209 3274; baseline 0.004 -23"><span class='ocrx_word' id='word_1_191' title='bbox 135 3210 206 3273; x_wconf 74' lang='lat' dir='ltr'><strong>puna</strong></span> <span class='ocrx_word' id='word_1_192' title='bbox 234 3192 286 3252; x_wconf 89' lang='lat' dir='ltr'><strong>est</strong></span> <span class='ocrx_word' id='word_1_193' title='bbox 312 3190 418 3254; x_wconf 85' lang='lat' dir='ltr'><strong>exitus</strong></span> <span class='ocrx_word' id='word_1_194' title='bbox 444 3189 577 3255; x_wconf 87' lang='lat' dir='ltr'><strong>fabulae</strong></span> <span class='ocrx_word' id='word_1_195' title='bbox 605 3212 716 3255; x_wconf 84' lang='lat' dir='ltr'><strong>versus</strong></span> <span class='ocrx_word' id='word_1_196' title='bbox 745 3190 872 3255; x_wconf 83' lang='lat' dir='ltr'><strong>circiter</strong></span> <span class='ocrx_word' id='word_1_197' title='bbox 895 3187 952 3254; x_wconf 79' lang='lat' dir='ltr'><strong>CX</strong></span> <span class='ocrx_word' id='word_1_198' title='bbox 982 3191 1209 3274; x_wconf 85' lang='lat' dir='ltr'><strong>complectens,</strong></span> 
     </span>
     <span class='ocr_line' id='line_1_24' title="bbox 162 3294 1208 3381; baseline 0.002 -22"><span class='ocrx_word' id='word_1_199' title='bbox 162 3316 228 3359; x_wconf 90' lang='lat' dir='ltr'><strong>non</strong></span> <span class='ocrx_word' id='word_1_200' title='bbox 255 3297 360 3379; x_wconf 90' lang='lat' dir='ltr'><strong>possit</strong></span> <span class='ocrx_word' id='word_1_201' title='bbox 388 3297 497 3380; x_wconf 87' lang='lat' dir='ltr'><strong>plures</strong></span> <span class='ocrx_word' id='word_1_202' title='bbox 519 3294 622 3381; x_wconf 86' lang='lat' dir='ltr'><strong>&#39;quam</strong></span> <span class='ocrx_word' id='word_1_203' title='bbox 651 3302 776 3380; x_wconf 84' lang='lat' dir='ltr'><strong>septem</strong></span> <span class='ocrx_word' id='word_1_204' title='bbox 804 3301 918 3362; x_wconf 84' lang='lat' dir='ltr'><strong>octove</strong></span> <span class='ocrx_word' id='word_1_205' title='bbox 950 3298 1087 3381; x_wconf 81' lang='lat' dir='ltr'><strong>paginas</strong></span> <span class='ocrx_word' id='word_1_206' title='bbox 1115 3318 1208 3361; x_wconf 91' lang='lat' dir='ltr'><strong>occu-</strong></span> 
     </span>
     <span class='ocr_line' id='line_1_25' title="bbox 135 3400 1222 3488; baseline 0.004 -24"><span class='ocrx_word' id='word_1_207' title='bbox 135 3424 169 3484; x_wconf 86' lang='lat' dir='ltr'><strong>s,</strong></span> <span class='ocrx_word' id='word_1_208' title='bbox 194 3400 270 3484; x_wconf 90' lang='lat' dir='ltr'><strong>quid</strong></span> <span class='ocrx_word' id='word_1_209' title='bbox 296 3402 427 3466; x_wconf 84' lang='lat' dir='ltr'><strong>tandem</strong></span> <span class='ocrx_word' id='word_1_210' title='bbox 452 3424 523 3467; x_wconf 87' lang='lat' dir='ltr'><strong>esse</strong></span> <span class='ocrx_word' id='word_1_211' title='bbox 552 3403 697 3467; x_wconf 87' lang='lat' dir='ltr'><strong>dicamus</strong></span> <span class='ocrx_word' id='word_1_212' title='bbox 720 3403 806 3488; x_wconf 91' lang='lat' dir='ltr'><strong>quod</strong></span> <span class='ocrx_word' id='word_1_213' title='bbox 833 3403 983 3486; x_wconf 84' lang='lat' dir='ltr'><strong>proxima</strong></span> <span class='ocrx_word' id='word_1_214' title='bbox 1010 3405 1044 3467; x_wconf 90' lang='lat' dir='ltr'><strong>in</strong></span> <span class='ocrx_word' id='word_1_215' title='bbox 1068 3403 1222 3468; x_wconf 77' lang='lat' dir='ltr'><strong>Ambio·-</strong></span> 
     </span>
     <span class='ocr_line' id='line_1_26' title="bbox 135 3507 1205 3595; baseline 0.002 -23"><span class='ocrx_word' id='word_1_216' title='bbox 135 3530 152 3572; x_wconf 92' lang='lat' dir='ltr'><strong>o</strong></span> <span class='ocrx_word' id='word_1_217' title='bbox 181 3507 307 3593; x_wconf 86' lang='lat' dir='ltr'><strong>fabula,</strong></span> <span class='ocrx_word' id='word_1_218' title='bbox 336 3530 417 3593; x_wconf 90' lang='lat' dir='ltr'><strong>quae</strong></span> <span class='ocrx_word' id='word_1_219' title='bbox 445 3513 497 3574; x_wconf 87' lang='lat' dir='ltr'><strong>est</strong></span> <span class='ocrx_word' id='word_1_220' title='bbox 522 3508 617 3574; x_wconf 86' lang='lat' dir='ltr'><strong>Miles</strong></span> <span class='ocrx_word' id='word_1_221' title='bbox 641 3509 817 3594; x_wconf 81' lang='lat' dir='ltr'><strong>gloriosus,</strong></span> <span class='ocrx_word' id='word_1_222' title='bbox 839 3532 906 3575; x_wconf 93' lang='lat' dir='ltr'><strong>non</strong></span> <span class='ocrx_word' id='word_1_223' title='bbox 936 3511 970 3574; x_wconf 90' lang='lat' dir='ltr'><strong>in</strong></span> <span class='ocrx_word' id='word_1_224' title='bbox 993 3510 1205 3595; x_wconf 85' lang='lat' dir='ltr'><strong>quaternione</strong></span> 
     </span>
     <span class='ocr_line' id='line_1_27' title="bbox 136 3612 1207 3702; baseline 0.004 -24"><span class='ocrx_word' id='word_1_225' title='bbox 136 3612 177 3698; x_wconf 86' lang='lat' dir='ltr'><strong>V,</strong></span> <span class='ocrx_word' id='word_1_226' title='bbox 201 3614 257 3679; x_wconf 89' lang='lat' dir='ltr'><strong>sed</strong></span> <span class='ocrx_word' id='word_1_227' title='bbox 280 3615 314 3678; x_wconf 91' lang='lat' dir='ltr'><strong>in</strong></span> <span class='ocrx_word' id='word_1_228' title='bbox 337 3613 429 3680; x_wconf 88' lang='lat' dir='ltr'><strong>XLV</strong></span> <span class='ocrx_word' id='word_1_229' title='bbox 452 3615 579 3680; x_wconf 87' lang='lat' dir='ltr'><strong>demum</strong></span> <span class='ocrx_word' id='word_1_230' title='bbox 604 3617 740 3700; x_wconf 83' lang='lat' dir='ltr'><strong>incipit?</strong></span> <span class='ocrx_word' id='word_1_231' title='bbox 775 3616 849 3682; x_wconf 81' lang='lat' dir='ltr'><strong>Etsi</strong></span> <span class='ocrx_word' id='word_1_232' title='bbox 873 3616 958 3682; x_wconf 81' lang='lat' dir='ltr'><strong>enim</strong></span> <span class='ocrx_word' id='word_1_233' title='bbox 987 3618 1019 3682; x_wconf 91' lang='lat' dir='ltr'><strong>in</strong></span> <span class='ocrx_word' id='word_1_234' title='bbox 1044 3616 1106 3682; x_wconf 87' lang='lat' dir='ltr'><strong>hac</strong></span> <span class='ocrx_word' id='word_1_235' title='bbox 1130 3639 1207 3702; x_wconf 90' lang='lat' dir='ltr'><strong>quo·</strong></span> 
     </span>
     <span class='ocr_line' id='line_1_28' title="bbox 151 3722 1207 3810; baseline 0.004 -25"><span class='ocrx_word' id='word_1_236' title='bbox 151 3725 245 3804; x_wconf 85' lang='lat' dir='ltr'><strong>parte</strong></span> <span class='ocrx_word' id='word_1_237' title='bbox 271 3744 338 3786; x_wconf 91' lang='lat' dir='ltr'><strong>non</strong></span> <span class='ocrx_word' id='word_1_238' title='bbox 365 3722 531 3807; x_wconf 89' lang='lat' dir='ltr'><strong>potuimus</strong></span> <span class='ocrx_word' id='word_1_239' title='bbox 558 3744 625 3788; x_wconf 91' lang='lat' dir='ltr'><strong>non</strong></span> <span class='ocrx_word' id='word_1_240' title='bbox 654 3722 733 3788; x_wconf 90' lang='lat' dir='ltr'><strong>duas</strong></span> <span class='ocrx_word' id='word_1_241' title='bbox 757 3724 889 3789; x_wconf 85' lang='lat' dir='ltr'><strong>lacunas</strong></span> <span class='ocrx_word' id='word_1_242' title='bbox 921 3725 1049 3810; x_wconf 81' lang='lat' dir='ltr'><strong>signare</strong></span> <span class='ocrx_word' id='word_1_243' title='bbox 1072 3747 1101 3789; x_wconf 82' lang='lat' dir='ltr'><strong>v.</strong></span> <span class='ocrx_word' id='word_1_244' title='bbox 1123 3726 1207 3790; x_wconf 86' lang='grc'><strong>1086</strong></span> 
     </span>
     <span class='ocr_line' id='line_1_29' title="bbox 143 3828 1208 3915; baseline -0.001 -22"><span class='ocrx_word' id='word_1_245' title='bbox 143 3828 221 3906; x_wconf 81' lang='lat'>150,</span> <span class='ocrx_word' id='word_1_246' title='bbox 244 3831 354 3893; x_wconf 87' lang='lat' dir='ltr'><strong>tamen</strong></span> <span class='ocrx_word' id='word_1_247' title='bbox 376 3828 436 3893; x_wconf 92' lang='lat' dir='ltr'><strong>has</strong></span> <span class='ocrx_word' id='word_1_248' title='bbox 459 3829 624 3894; x_wconf 88' lang='lat' dir='ltr'><strong>nonlicet</strong></span> <span class='ocrx_word' id='word_1_249' title='bbox 647 3830 714 3894; x_wconf 89' lang='lat' dir='ltr'><strong>ullo</strong></span> <span class='ocrx_word' id='word_1_250' title='bbox 739 3836 833 3913; x_wconf 85' lang='lat' dir='ltr'><strong>pacto</strong></span> <span class='ocrx_word' id='word_1_251' title='bbox 857 3835 967 3897; x_wconf 86' lang='lat' dir='ltr'><strong>tantas</strong></span> <span class='ocrx_word' id='word_1_252' title='bbox 990 3829 1149 3915; x_wconf 83' lang='lat' dir='ltr'><strong>cogitare,</strong></span> <span class='ocrx_word' id='word_1_253' title='bbox 1172 3836 1208 3892; x_wconf 89' lang='lat' dir='ltr'><strong>nt</strong></span> 
     </span>
     <span class='ocr_line' id='line_1_30' title="bbox 135 3933 1207 4021; baseline 0 -22"><span class='ocrx_word' id='word_1_254' title='bbox 135 3957 161 3999; x_wconf 78' lang='lat' dir='ltr'><strong>le</strong></span> <span class='ocrx_word' id='word_1_255' title='bbox 190 3935 401 4000; x_wconf 88' lang='lat' dir='ltr'><strong>ducentorum</strong></span> <span class='ocrx_word' id='word_1_256' title='bbox 429 3936 480 4000; x_wconf 85' lang='lat' dir='ltr'><strong>vel</strong></span> <span class='ocrx_word' id='word_1_257' title='bbox 508 3936 625 4001; x_wconf 86' lang='lat' dir='ltr'><strong>saltem</strong></span> <span class='ocrx_word' id='word_1_258' title='bbox 654 3933 707 4001; x_wconf 78' lang='lat' dir='ltr'><strong>GL</strong></span> <span class='ocrx_word' id='word_1_259' title='bbox 737 3958 886 4001; x_wconf 83' lang='lat' dir='ltr'><strong>versuum</strong></span> <span class='ocrx_word' id='word_1_260' title='bbox 914 3938 1021 4021; x_wconf 90' lang='lat' dir='ltr'><strong>spatio</strong></span> <span class='ocrx_word' id='word_1_261' title='bbox 1050 3934 1207 4021; x_wconf 87' lang='lat' dir='ltr'><strong>explendo</strong></span> 
     </span>
     <span class='ocr_line' id='line_1_31' title="bbox 137 4041 1209 4127; baseline -0.002 -20"><span class='ocrx_word' id='word_1_262' title='bbox 137 4041 235 4107; x_wconf 87' lang='lat' dir='ltr'><strong>ciant.</strong></span> <span class='ocrx_word' id='word_1_263' title='bbox 277 4042 364 4118; x_wconf 81' lang='lat' dir='ltr'><strong>Quae</strong></span> <span class='ocrx_word' id='word_1_264' title='bbox 388 4064 461 4106; x_wconf 90' lang='lat' dir='ltr'><strong>cum</strong></span> <span class='ocrx_word' id='word_1_265' title='bbox 486 4043 533 4107; x_wconf 89' lang='lat' dir='ltr'><strong>ita</strong></span> <span class='ocrx_word' id='word_1_266' title='bbox 556 4043 637 4127; x_wconf 84' lang='lat' dir='ltr'><strong>sint,</strong></span> <span class='ocrx_word' id='word_1_267' title='bbox 658 4043 722 4107; x_wconf 89' lang='lat' dir='ltr'><strong>nisi</strong></span> <span class='ocrx_word' id='word_1_268' title='bbox 746 4047 923 4109; x_wconf 86' lang='lat' dir='ltr'><strong>autunum</strong></span> <span class='ocrx_word' id='word_1_269' title='bbox 953 4044 1054 4107; x_wconf 87' lang='lat' dir='ltr'><strong>fuisse</strong></span> <span class='ocrx_word' id='word_1_270' title='bbox 1083 4045 1209 4125; x_wconf 88' lang='lat' dir='ltr'><strong>quater-</strong></span> 
     </span>
     <span class='ocr_line' id='line_1_32' title="bbox 135 4147 1207 4233; baseline -0.003 -21"><span class='ocrx_word' id='word_1_271' title='bbox 135 4148 213 4214; x_wconf 88' lang='lat' dir='ltr'><strong>ibua</strong></span> <span class='ocrx_word' id='word_1_272' title='bbox 236 4147 401 4213; x_wconf 88' lang='lat' dir='ltr'><strong>binionem</strong></span> <span class='ocrx_word' id='word_1_273' title='bbox 426 4149 632 4214; x_wconf 86' lang='lat' dir='ltr'><strong>interiectum</strong></span> <span class='ocrx_word' id='word_1_274' title='bbox 655 4150 786 4233; x_wconf 87' lang='lat' dir='ltr'><strong>putabis</strong></span> <span class='ocrx_word' id='word_1_275' title='bbox 811 4155 867 4215; x_wconf 89' lang='lat' dir='ltr'><strong>aut</strong></span> <span class='ocrx_word' id='word_1_276' title='bbox 890 4153 1043 4233; x_wconf 84' lang='lat' dir='ltr'><strong>quattuor</strong></span> <span class='ocrx_word' id='word_1_277' title='bbox 1071 4148 1207 4231; x_wconf 79' lang='lat' dir='ltr'><strong>paginas</strong></span> 
     </span>
     <span class='ocr_line' id='line_1_33' title="bbox 135 4255 1207 4341; baseline -0.003 -21"><span class='ocrx_word' id='word_1_278' title='bbox 135 4278 180 4321; x_wconf 75' lang='lat' dir='ltr'><strong>las</strong></span> <span class='ocrx_word' id='word_1_279' title='bbox 212 4255 343 4320; x_wconf 88' lang='lat' dir='ltr'><strong>relictas</strong></span> <span class='ocrx_word' id='word_1_280' title='bbox 376 4262 433 4321; x_wconf 89' lang='lat' dir='ltr'><strong>aut</strong></span> <span class='ocrx_word' id='word_1_281' title='bbox 466 4277 619 4341; x_wconf 82' lang='lat' dir='ltr'><strong>magnam</strong></span> <span class='ocrx_word' id='word_1_282' title='bbox 652 4257 793 4340; x_wconf 86' lang='lat' dir='ltr'><strong>aliquam</strong></span> <span class='ocrx_word' id='word_1_283' title='bbox 831 4255 959 4319; x_wconf 86' lang='lat' dir='ltr'><strong>fabulae</strong></span> <span class='ocrx_word' id='word_1_284' title='bbox 993 4257 1117 4337; x_wconf 84' lang='lat' dir='ltr'><strong>partem</strong></span> <span class='ocrx_word' id='word_1_285' title='bbox 1150 4275 1207 4336; x_wconf 90' lang='lat' dir='ltr'><strong>per</strong></span> 
     </span>
     <span class='ocr_line' id='line_1_34' title="bbox 135 4356 1208 4448; baseline -0.003 -22"><span class='ocrx_word' id='word_1_286' title='bbox 135 4383 203 4427; x_wconf 83' lang='lat' dir='ltr'><strong>rem</strong></span> <span class='ocrx_word' id='word_1_287' title='bbox 223 4362 274 4426; x_wconf 88' lang='lat' dir='ltr'><strong>bis</strong></span> <span class='ocrx_word' id='word_1_288' title='bbox 293 4362 461 4446; x_wconf 89' lang='lat' dir='ltr'><strong>scriptam:</strong></span> <span class='ocrx_word' id='word_1_289' title='bbox 485 4380 623 4448; x_wconf 87' lang='lat' dir='ltr'><strong>qnorum</strong></span> <span class='ocrx_word' id='word_1_290' title='bbox 643 4363 722 4427; x_wconf 88' lang='lat' dir='ltr'><strong>nihil</strong></span> <span class='ocrx_word' id='word_1_291' title='bbox 743 4385 762 4426; x_wconf 90' lang='lat' dir='ltr'><strong>a</strong></span> <span class='ocrx_word' id='word_1_292' title='bbox 781 4363 904 4447; x_wconf 87' lang='lat' dir='ltr'><strong>reliqua</strong></span> <span class='ocrx_word' id='word_1_293' title='bbox 923 4361 1109 4426; x_wconf 79' lang='lat' dir='ltr'><strong>condiclone</strong></span> <span class='ocrx_word' id='word_1_294' title='bbox 1128 4356 1208 4424; x_wconf 83' lang='lat' dir='ltr'><strong>Am-</strong></span> 
     </span>
     <span class='ocr_line' id='line_1_35' title="bbox 139 4465 1208 4552; baseline -0.001 -20"><span class='ocrx_word' id='word_1_295' title='bbox 139 4469 206 4532; x_wconf 90' lang='lat' dir='ltr'><strong>iani</strong></span> <span class='ocrx_word' id='word_1_296' title='bbox 235 4468 354 4533; x_wconf 86' lang='lat' dir='ltr'><strong>codicis</strong></span> <span class='ocrx_word' id='word_1_297' title='bbox 379 4469 472 4533; x_wconf 81' lang='lat' dir='ltr'><strong>valde</strong></span> <span class='ocrx_word' id='word_1_298' title='bbox 497 4469 755 4534; x_wconf 85' lang='lat' dir='ltr'><strong>commendatur:</strong></span> <span class='ocrx_word' id='word_1_299' title='bbox 783 4471 928 4532; x_wconf 88' lang='lat' dir='ltr'><strong>autnon</strong></span> <span class='ocrx_word' id='word_1_300' title='bbox 959 4466 1081 4552; x_wconf 88' lang='lat' dir='ltr'><strong>liquere</strong></span> <span class='ocrx_word' id='word_1_301' title='bbox 1105 4465 1208 4531; x_wconf 89' lang='lat' dir='ltr'><strong>laten·</strong></span> 
     </span>
     <span class='ocr_line' id='line_1_36' title="bbox 135 4572 1210 4659; baseline -0.003 -20"><span class='ocrx_word' id='word_1_302' title='bbox 135 4632 137 4639; x_wconf 93' lang='lat'>.</span> <span class='ocrx_word' id='word_1_303' title='bbox 156 4576 228 4653; x_wconf 83' lang='lat' dir='ltr'><strong>erit,</strong></span> <span class='ocrx_word' id='word_1_304' title='bbox 248 4580 306 4640; x_wconf 85' lang='lat' dir='ltr'><strong>aut</strong></span> <span class='ocrx_word' id='word_1_305' title='bbox 324 4572 425 4659; x_wconf 89' lang='lat' dir='ltr'><strong>(quod</strong></span> <span class='ocrx_word' id='word_1_306' title='bbox 444 4597 571 4639; x_wconf 87' lang='lat' dir='ltr'><strong>summa</strong></span> <span class='ocrx_word' id='word_1_307' title='bbox 589 4596 660 4639; x_wconf 88' lang='lat' dir='ltr'><strong>cum</strong></span> <span class='ocrx_word' id='word_1_308' title='bbox 680 4574 883 4640; x_wconf 86' lang='lat' dir='ltr'><strong>dubitatione</strong></span> <span class='ocrx_word' id='word_1_309' title='bbox 902 4578 999 4658; x_wconf 88' lang='lat' dir='ltr'><strong>atque</strong></span> <span class='ocrx_word' id='word_1_310' title='bbox 1018 4573 1210 4638; x_wconf 79' lang='lat' dir='ltr'><strong>verecundia</strong></span> 
     </span>
     <span class='ocr_line' id='line_1_37' title="bbox 135 4680 1208 4766; baseline -0.003 -20"><span class='ocrx_word' id='word_1_311' title='bbox 135 4680 201 4764; x_wconf 79' lang='lat' dir='ltr'><strong>cio)</strong></span> <span class='ocrx_word' id='word_1_312' title='bbox 225 4681 263 4746; x_wconf 89' lang='lat' dir='ltr'><strong>de</strong></span> <span class='ocrx_word' id='word_1_313' title='bbox 283 4683 404 4746; x_wconf 88' lang='lat' dir='ltr'><strong>omissa</strong></span> <span class='ocrx_word' id='word_1_314' title='bbox 427 4681 463 4745; x_wconf 89' lang='lat' dir='ltr'><strong>in</strong></span> <span class='ocrx_word' id='word_1_315' title='bbox 481 4681 641 4747; x_wconf 88' lang='lat' dir='ltr'><strong>Palatinis</strong></span> <span class='ocrx_word' id='word_1_316' title='bbox 664 4681 842 4766; x_wconf 86' lang='lat' dir='ltr'><strong>appendice</strong></span> <span class='ocrx_word' id='word_1_317' title='bbox 861 4681 1079 4766; x_wconf 84' lang='lat' dir='ltr'><strong>cogitandum,</strong></span> <span class='ocrx_word' id='word_1_318' title='bbox 1103 4681 1208 4764; x_wconf 89' lang='lat' dir='ltr'><strong>qualis</strong></span> 
     </span>
     <span class='ocr_line' id='line_1_38' title="bbox 135 4787 1208 4875; baseline -0.002 -21"><span class='ocrx_word' id='word_1_319' title='bbox 135 4791 171 4855; x_wconf 78' lang='lat' dir='ltr'><strong>lit</strong></span> <span class='ocrx_word' id='word_1_320' title='bbox 190 4789 339 4875; x_wconf 85' lang='lat' dir='ltr'><strong>geminus</strong></span> <span class='ocrx_word' id='word_1_321' title='bbox 358 4811 397 4853; x_wconf 83' lang='lat' dir='ltr'><strong>ex</strong></span> <span class='ocrx_word' id='word_1_322' title='bbox 415 4790 479 4853; x_wconf 89' lang='lat' dir='ltr'><strong>alia</strong></span> <span class='ocrx_word' id='word_1_323' title='bbox 499 4790 636 4873; x_wconf 87' lang='lat' dir='ltr'><strong>quadam</strong></span> <span class='ocrx_word' id='word_1_324' title='bbox 656 4789 841 4854; x_wconf 87' lang='lat' dir='ltr'><strong>recensione</strong></span> <span class='ocrx_word' id='word_1_325' title='bbox 860 4789 963 4852; x_wconf 84' lang='lat' dir='ltr'><strong>exitus</strong></span> <span class='ocrx_word' id='word_1_326' title='bbox 987 4787 1119 4852; x_wconf 85' lang='lat' dir='ltr'><strong>fabulae</strong></span> <span class='ocrx_word' id='word_1_327' title='bbox 1138 4808 1208 4852; x_wconf 87' lang='lat' dir='ltr'><strong>esse</strong></span> 
     </span>
     <span class='ocr_line' id='line_1_39' title="bbox 135 4893 840 4978; baseline -0.001 -19"><span class='ocrx_word' id='word_1_328' title='bbox 135 4895 263 4960; x_wconf 82' lang='lat' dir='ltr'><strong>?oenuli</strong></span> <span class='ocrx_word' id='word_1_329' title='bbox 288 4898 384 4978; x_wconf 88' lang='lat' dir='ltr'><strong>alque</strong></span> <span class='ocrx_word' id='word_1_330' title='bbox 407 4894 550 4960; x_wconf 83' lang='lat' dir='ltr'><strong>Andriae</strong></span> <span class='ocrx_word' id='word_1_331' title='bbox 575 4893 840 4960; x_wconf 78' lang='lat' dir='ltr'><strong>sirnilitudinem&#39;.</strong></span> 
     </span>
    </p>
   </div>
   <div class='ocr_carea' id='block_1_5' title="bbox 0 0 1462 5528">
    <p class='ocr_par' dir='ltr' id='par_1_5' title="bbox 0 0 1462 5528">
     <span class='ocr_line' id='line_1_40' title="bbox 0 0 1462 5528; baseline 0 0"><span class='ocrx_word' id='word_1_332' title='bbox 0 0 1462 5528; x_wconf 95' lang='lat' dir='ltr'><strong> </strong></span> 
     </span>
    </p>
   </div>
  </div>
 </body>
</html>
