2910 5528
148 346 213 410 202
624 338 808 393 APPuuolx
1151 344 1294 411 sor-sss,

149 505 253 561 adduxi
271 504 412 562 hominem
433 504 485 560 tibi
500 508 564 574 post
582 503 685 558 Aletum
703 501 822 559 Bottiue
835 504 959 572 iamque,
976 502 1024 557 secl
1037 499 1090 556 ills
1108 502 1242 557 eccumst
1260 518 1292 556 en

148 588 192 644 ili:
208 593 304 643 contra
322 586 381 640 illic
400 586 448 639 est
469 602 513 638 cm
532 588 605 651 (cum
623 584 663 651 D)
682 583 830 654 Lauaemus
851 581 962 638 ‘Beitr’
974 585 1037 652 ut
1054 588 1081 638 et
1097 580 1149 636 ille
1166 580 1226 636 illie
1244 584 1291 637 est.

149 685 194 723 em
213 668 347 738 Buaaius.
385 666 429 720 De
451 665 496 719 udi
517 670 581 734 post
604 680 648 717 em
672 661 726 717 tibi
745 662 850 717 seduxi
868 661 1012 719 hominem
1030 664 1178 719 adiciendo
1195 664 1292 733 oooitot

148 750 294 804 Ricliterus
313 764 343 816 p.
367 749 418 801 491
441 747 506 800 adu.
525 749 589 812 497,
613 745 645 799 de
668 742 731 815 <sn
752 741 871 816 Ehem>
888 746 898 813 fl
917 743 1031 799 Suluom
1054 743 1221 815 Seyffertus:
1246 743 1292 798 soi

148 837 174 884 et
199 828 329 894 facillime
356 826 518 881 intercidere
541 825 635 894 potuit
660 830 686 879 et
713 828 820 879 tautum
846 840 903 878 mou
929 824 1113 880 marmarium
1137 828 1178 879 eet
1198 839 1291 879 nomm

149 910 277 964 Simouis.
309 907 376 960 Vide
391 908 482 976 praef.

239 993 299 1043 808.
328 986 466 1057 inspicere
495 989 524 1040 te
551 985 628 1039 sedis
655 983 775 1040 Parcus:
802 986 864 1040 item
887 984 1050 1056 Seyffertue,
1077 986 1197 1054 soriam
1218 989 1290 1040 reste.

150 1068 290 1138 inspicere
308 1067 354 1121 hie
373 1066 450 1122 sedis
469 1069 498 1121 te
516 1083 577 1121 eum
597 1065 754 1121 Camerario
772 1064 811 1134 R,
828 1065 932 1121 aloem
952 1067 1054 1122 ‘mucio
1067 1083 1106 1121 an
1119 1065 1208 1120 hasce
1220 1065 1290 1120 uelle

150 1149 229 1203 sibut
251 1150 391 1216 scripserit
409 1153 504 1218 poeta:
527 1149 640 1216 itemque
662 1146 748 1201 hasce
767 1161 819 1214 pro
836 1145 887 1199 hus
906 1147 988 1200 etiam
1005 1162 1029 1201 v.
1049 1150 1114 1201 811.
1134 1148 1199 1201 813.
1218 1145 1291 1200 977’.

152 1229 194 1295 (lt'.
218 1227 384 1284 Sclrmiritius
411 1229 443 1282 cie
463 1244 545 1297 prou.
564 1245 595 1297 p.
615 1231 657 1281 11.
680 1257 713 1266 -
738 1226 786 1280 Asi
812 1243 836 1282 o.
861 1231 911 1281 801
938 1226 973 1293 ct.
994 1225 1129 1282 Oraiuius
1152 1225 1230 1281 seso.
1249 1226 1290 1280 Pl.

148 1327 177 1378 p.
196 1315 239 1364 15.
263 1340 291 1348 —
317 1309 348 1363 V.
369 1312 421 1362 808
439 1307 489 1361 Tu.
507 1323 559 1377 pro
576 1306 631 1362 ΤΗ.
645 1323 750 1376 praem.
768 1307 881 1376 ouloata
899 1306 964 1361 iude
982 1323 1001 1361 a
1020 1305 1155 1362 Grutero:
1178 1304 1290 1363 corrAE

151 1390 181 1442 iu
200 1390 317 1443 editione
335 1388 441 1442 derisum
458 1389 569 1443 minore.

240 1472 299 1521 810.
318 1468 349 1519 tu
368 1465 398 1519 id
416 1465 459 1519 illi
478 1466 515 1532 It,
534 1469 638 1523 aooms
653 1468 701 1522 ‘au
714 1469 746 1521 tu
759 1466 804 1522 illi
818 1468 870 1522 hoc
884 1466 970 1535 suitl'
1000 1466 1055 1523 Vbi
1067 1465 1131 1522 illic
1146 1466 1291 1522 Muellerus

149 1565 177 1617 p.
197 1552 267 1613 598,
289 1546 411 1600 Briaius
432 1549 470 1601 ael
491 1547 569 1603 Mil.¹
591 1565 619 1617 p.
639 1552 711 1617 352,
733 1548 868 1617 Berytius
889 1547 986 1618 Opusc.
1006 1549 1027 1601 I
1042 1564 1071 1616 p.
1092 1552 1161 1614 678,
1183 1547 1242 1602 alii.
1260 1577 1288 1589 ··

151 1627 256 1683 obiexis
272 1643 325 1695 pro
345 1624 468 1681 obiectes
489 1628 693 1684 Studnuuudus
710 1630 743 1682 cle
767 1627 873 1683 Vidut.²
887 1644 918 1698 p.
937 1633 981 1682 54.

239 1713 298 1762 811.
319 1707 402 1760 hasce
421 1708 503 1761 etiam
522 1708 689 1763 Scituridtius
706 1708 738 1762 de
752 1723 833 1777 prou.
850 1723 879 1774 p.
899 1711 943 1762 18.
962 1711 1007 1762 38.
1027 1738 1061 1747 -
1083 1705 1168 1762 uides
1186 1710 1217 1762 tu
1235 1725 1289 1764 euri

152 1789 258 1860 Guyeto
276 1788 336 1856 (qui
354 1786 453 1840 uultud
473 1790 504 1840 ut
523 1787 598 1841 tristi
617 1790 659 1842 est
677 1790 740 1856 scr.)
759 1788 823 1841 trai.
839 1785 868 1840 Ἦ
883 1787 1021 1854 romule
1040 1786 1164 1843 Votieno
1177 1787 1291 1843 flemme

150 1868 252 1922 XVII
267 1884 297 1936 p.
317 1871 373 1920 598
397 1872 460 1935 post
488 1865 692 1922 Fleckeiscmum
719 1867 822 1922 Auual.
843 1867 939 1935 philol.
963 1865 1044 1920 LXI
1056 1883 1086 1936 p.
1112 1871 1157 1922 41.
1189 1868 1222 1920 tu
1244 1868 1290 1922 del.

148 1949 272 2002 Bottius.
290 1978 321 1984 -
342 1945 384 1999 uti
403 1945 507 2001 tristist
524 1963 607 2001 senex
626 1947 664 2012 R,
683 1947 786 2002 adderes
801 1947 844 2000 ‘ut
857 1945 933 2001 tristi
947 1947 985 2001 sit
999 1945 1207 2002 Flecleioeruu:
1224 1949 1291 2017 quod

148 2044 204 2084 meo
222 2043 302 2081 seusu
319 2028 413 2080 saltem
427 2030 459 2081 ut
473 2025 510 2080 sit
524 2024 599 2081 tristi
613 2043 666 2081 esse
680 2027 811 2081 debebot’.
840 2029 873 2081 ut
887 2025 926 2080 sit
939 2025 1024 2094 tristi,
1043 2043 1140 2082 senem
1161 2028 1291 2083 narem

147 2110 180 2162 iu
207 2106 324 2161 Studem.
350 2105 428 2161 Stvud.
450 2107 514 2175 Ip.
534 2111 601 2172 287,
630 2108 702 2175 quod
729 2108 850 2163 Baierus
866 2124 898 2177 p.
921 2112 958 2162 48
971 2123 1026 2177 saa.
1047 2107 1173 2175 defendit
1200 2114 1291 2164 eontra

154 2188 312 2252 Veliternum,
332 2203 445 2256 quonum
464 2187 625 2255 Kaoupfius
643 2188 713 2253 facit
731 2188 763 2242 de
778 2204 859 2258 prou.
870 2205 900 2258 p.
915 2192 957 2242 41,

238 2272 298 2322 818.
322 2266 370 2320 ted
395 2266 494 2321 emisse
519 2266 649 2335 Botltius,
677 2268 813 2336 Berolius
833 2267 943 2322 ‘Beitm'
960 2284 990 2337 p.
1010 2271 1047 2322 52
1070 2268 1117 2336 (cs.
1137 2267 1291 2339 Samiorum

152 2349 181 2402 T.
198 2347 238 2401 Μ.
256 2348 289 2403 Ρ.
300 2364 329 2415 p.
345 2351 471 2415 illisa).
504 2350 532 2401 te
553 2346 652 2401 emisse
670 2346 720 2402 has
738 2348 780 2402 uel
797 2348 882 2403 hasce
899 2347 943 2403 B:
960 2348 1156 2414 cf.1t⁷oa.e.'oe.
1175 2350 1197 2403 I
1205 2368 1235 2420 p.
1248 2354 1289 2415 40,

153 2429 250 2498 opusc.
265 2428 335 2495 phil.
356 2426 415 2479 III
429 2443 458 2495 p.
480 2430 535 2480 123
564 2431 588 2480 et
614 2428 683 2481 adde
705 2426 922 2483 Studemuruium
944 2429 1048 2482 Auual.
1064 2429 1163 2497 philol.
1184 2427 1292 2484 (IXIII

146 2527 174 2579 p.
195 2512 239 2562 57.
268 2524 350 2575 nunc,
368 2509 396 2559 te
412 2505 513 2560 emisse
528 2506 662 2562 Goetrius.
678 2538 710 2546 -
726 2506 858 2581 (Euge)
873 2507 1008 2576 intellego
1023 2507 1178 2564 Muellerus
1189 2526 1218 2578 p.
1233 2514 1290 2564 630.

239 2593 298 2641 814.
329 2588 413 2654 utque
441 2588 563 2640 humano
592 2586 706 2656 ingenio
736 2592 765 2643 te
793 2587 933 2642 existumo
959 2586 1089 2657 oayaus.
1128 2590 1159 2642 et
1181 2592 1211 2644 ts
1236 2605 1290 2642 esse

150 2671 271 2724 humano
291 2665 404 2734 ingenio
424 2665 560 2721 existumo
585 2665 614 2718 Ἠ
639 2668 761 2737 ‘maudo
784 2685 817 2722 uc
832 2685 885 2738 pro
907 2670 935 2723 et
952 2669 1045 2722 miuus
1059 2668 1175 2737 placet'.
1212 2672 1289 2738 teque

151 2748 289 2805 existumo
309 2745 424 2800 humani
443 2746 537 2815 ingeni
556 2746 706 2802 Bentleius.
734 2751 763 2803 et
781 2752 810 2804 te
829 2765 890 2803 esse
910 2745 1048 2802 existumo
1068 2747 1096 2801 h.
1112 2749 1130 2801 i.
1146 2749 1289 2805 Muellerus

145 2850 175 2901 p.
196 2832 258 2884 631.
296 2828 379 2893 atque
398 2828 456 2894 (via
475 2824 573 2894 idque:
592 2828 627 2892 cf.
647 2827 781 2883 Hamillus
801 2828 881 2883 Ture.
899 2829 940 2883 II
950 2845 980 2896 p.
995 2830 1064 2896 529)
1079 2843 1144 2882 esse
1158 2829 1289 2883 existumo

149 2911 177 2964 h.
193 2907 209 2963 i.
229 2909 311 2963 etiam
329 2907 467 2975 Beralrius
487 2906 584 2973 Opresc.
606 2908 626 2959 Ι
641 2925 669 2975 p.
690 2912 745 2964 678
754 2926 793 2978 sq.
813 2912 859 2978 (cf.
880 2908 992 2964 ‘Beitm'
1008 2924 1039 2978 p.
1059 2910 1119 2977 52).
1158 2909 1201 2977 Os.
1220 2910 1289 2965 Lau·

149 3005 234 3062 aeuus
252 2988 356 3042 Annal.
372 2986 469 3055 philol.
490 2986 607 3040 CXXV
619 3006 648 3057 p.
671 2994 732 3043 759.

240 3073 299 3122 815.
329 3068 368 3121 SI.
398 3066 470 3131 Quid
495 3074 585 3119 nunc?
615 3067 683 3134 quin
706 3069 729 3122 is
752 3069 845 3123 intro?
873 3069 956 3137 utque
981 3068 1136 3138 Vesiuoius.
1155 3100 1190 3110 —
1218 3074 1248 3125 tn
1270 3071 1289 3124 is

151 3149 224 3203 intro
243 3149 328 3216 atque
348 3146 436 3201 otiose
460 3148 621 3214 perspectus
644 3147 832 3204 Camerarius.-
850 3150 923 3217 quod
941 3165 1053 3203 suuaus
1071 3153 1187 3219 spectus
1209 3152 1290 3222 Guue·

150 3237 208 3296 tus,
236 3228 293 3281 otia
317 3243 370 3296 pro
399 3226 487 3280 otiose
515 3227 634 3283 Bothius
658 3235 682 3282 et
705 3229 913 3284 Lindemauuus
936 3229 967 3282 iu
991 3229 1056 3283 Mil.
1074 3230 1146 3297 ator.
1167 3231 1189 3284 I
1193 3231 1220 3287 V
1235 3235 1291 3295 6,6

151 3308 309 3378 (perspectu
326 3307 487 3377 Bentleius).
515 3309 545 3360 tu
565 3305 575 3359 i
593 3307 678 3376 intro,
698 3310 785 3364 otiose
805 3310 952 3378 perspectu
971 3308 1048 3364 aedis
1063 3308 1093 3362 B
1114 3311 1175 3378 (ubi
1189 3312 1221 3364 tu
1233 3312 1290 3366 olim

149 3391 253 3444 delebat
273 3388 445 3455 Loreurius),
463 3389 524 3440 tute
543 3387 553 3439 i
572 3386 645 3442 intro
665 3392 750 3457 atque
769 3388 860 3444 otiose
879 3392 1026 3458 perspecte
1040 3390 1177 3445 Graiuius
1192 3391 1290 3446 ‘Zsrtm

149 3472 169 3537 s.
190 3469 300 3540 Garun)
323 3468 386 3521 XX
398 3485 429 3536 p.
449 3472 517 3522 eto.-
536 3473 566 3521 at
584 3469 619 3534 cs.
638 3468 785 3539 Seyffertus
805 3469 909 3523 Plulol.
927 3467 1062 3524 XXVII
1074 3486 1103 3538 p.
1124 3474 1189 3525 443.
1213 3471 1289 3525 Burs.

149 3551 255 3606 Aurral.
277 3547 404 3603 XLVII
416 3565 447 3617 p.
465 3551 505 3602 29
524 3553 548 3601 et
567 3548 725 3604 Kieuitrius
743 3549 1106 3617 oecumenicam-
1126 3549 1171 3605 De
1189 3567 1214 3606 a.
1225 3557 1289 3606 sios

149 3633 212 3687 eide
230 3631 267 3685 ao
286 3648 309 3684 o.
330 3634 448 3697 8t5sqq.

239 3715 298 3763 811.
323 3709 376 3762 hoc
400 3711 466 3762 ante
490 3708 569 3762 aedis
592 3709 763 3764 uestibulum
787 3710 852 3764 trai.
875 3707 905 3762 It
928 3708 1023 3777 (Vide,
1048 3709 1224 3765 uestibulum
1241 3711 1288 3764 hoc

149 3794 214 3847 cute
239 3790 336 3844 aedem
360 3788 504 3857 Bottius).·
527 3791 561 3857 cf.
581 3790 730 3845 Muellerus
751 3807 779 3858 p.
805 3793 867 3843 150.
887 3819 920 3830 -
945 3787 1067 3844 Ceterum
1090 3790 1127 3857 cf.
1146 3790 1288 3862 Louaeuus

151 3873 229 3928 Seno.
249 3870 293 3924 Pl.
309 3888 338 3940 p.
360 3873 461 3938 172sq.

240 3957 299 4006 819.
332 3949 393 4015 Qua
421 3946 477 4002 sint
501 3965 555 4019 pro
583 3948 714 4019 Quunta)
739 3949 920 4005 Oarserarius.
958 3948 999 4015 Os.
1025 3948 1143 4004 Olseuus
1171 3951 1205 4005 de
1226 3951 1287 4007 sero.

149 4035 232 4088 subet.
249 4051 278 4100 p.
297 4035 343 4086 29.
383 4031 454 4085 More
478 4029 517 4085 81.
537 4035 600 4083 aute
622 4028 670 4097 pol
694 4029 762 4083 mihi
785 4047 845 4083 curu
868 4027 957 4083 1301>
979 4027 1111 4082 omissum
1134 4032 1227 4085 oereui
1244 4034 1285 4083 811

145 4112 325 4182 praescripsit
345 4109 532 4165 Camerarius:
551 4112 581 4165 id
599 4112 670 4180 quod
688 4111 836 4164 Acidaliae
853 4109 978 4163 corrasit.

239 4199 298 4245 8¹11.
321 4190 361 4256 Cf.
381 4192 419 4245 aci
437 4208 460 4244 u.
480 4196 545 4247 819.
564 4221 597 4230 -
616 4189 728 4245 fuerant
746 4188 814 4244 olim
833 4187 918 4261 (illi)
939 4188 1093 4243 Muellerus
1113 4206 1144 4257 p.
1165 4194 1221 4246 659
1240 4190 1288 4258 (siu

150 4275 260 4327 fueraut
280 4269 365 4340 olim).

239 4357 299 4405 884.
325 4352 424 4405 Hercle
447 4352 514 4420 quin
537 4369 597 4405 cum
621 4351 726 4421 Pylade
749 4350 791 4404 ot:
820 4355 849 4405 at
867 4349 901 4416 cf.
922 4348 1118 4404 Fleckeisemus
1143 4351 1219 4405 misc.
1237 4350 1288 4405 crit.

146 4452 175 4505 p.
196 4438 235 4488 29
255 4437 278 4486 et
296 4432 417 4487 Brixiae
436 4432 473 4486 ari
493 4431 585 4501 (limi.8
604 4437 666 4486 551.
691 4462 723 4471 -
753 4430 841 4486 multo
868 4431 950 4487 etiam
976 4428 1149 4500 Lambinus,
1178 4429 1221 4498 st,
1246 4429 1290 4484 olii
