<?xml version="1.0" encoding="UTF-8"?>
<!DOCTYPE html PUBLIC "-//W3C//DTD XHTML 1.0 Transitional//EN"
    "http://www.w3.org/TR/xhtml1/DTD/xhtml1-transitional.dtd">
<html xmlns="http://www.w3.org/1999/xhtml" xml:lang="en" lang="en">
 <head>
  <title>
</title>
<meta http-equiv="Content-Type" content="text/html;charset=utf-8" />
  <meta name='ocr-system' content='tesseract 3.04.00' />
  <meta name='ocr-capabilities' content='ocr_page ocr_carea ocr_par ocr_line ocrx_word'/>
</head>
<body>
  <div class='ocr_page' id='page_1' title='image "./tmacciplauticom01schgoog_0531.png"; bbox 0 0 2946 5062; ppageno 0'>
   <div class='ocr_carea' id='block_1_1' title="bbox 159 343 1303 411">
    <p class='ocr_par' dir='ltr' id='par_1_1' title="bbox 159 343 1303 411">
     <span class='ocr_line' id='line_1_1' title="bbox 159 343 1303 411; baseline -0.003 -8"><span class='ocrx_word' id='word_1_1' title='bbox 159 347 224 411; x_wconf 83' lang='grc'><strong><em>216</em></strong></span> <span class='ocrx_word' id='word_1_2' title='bbox 633 343 818 398; x_wconf 81' lang='lat' dir='ltr'><strong><em>APPENDIX</em></strong></span> <span class='ocrx_word' id='word_1_3' title='bbox 1122 349 1303 401; x_wconf 71' lang='lat' dir='ltr'><strong><em>test-10⁵0</em></strong></span> 
     </span>
    </p>
   </div>
   <div class='ocr_carea' id='block_1_2' title="bbox 156 503 1307 899">
    <p class='ocr_par' dir='ltr' id='par_1_2' title="bbox 156 503 1307 899">
     <span class='ocr_line' id='line_1_2' title="bbox 249 503 1305 578; baseline 0.001 -19"><span class='ocrx_word' id='word_1_4' title='bbox 249 512 328 562; x_wconf 75' lang='lat'><strong><em>1036.</em></strong></span> <span class='ocrx_word' id='word_1_5' title='bbox 360 505 533 576; x_wconf 87' lang='lat' dir='ltr'><strong><em>Disperdidit</em></strong></span> <span class='ocrx_word' id='word_1_6' title='bbox 556 523 600 561; x_wconf 86' lang='lat' dir='ltr'><strong><em>ms</em></strong></span> <span class='ocrx_word' id='word_1_7' title='bbox 624 506 673 560; x_wconf 89' lang='lat' dir='ltr'><strong><em>ille</em></strong></span> <span class='ocrx_word' id='word_1_8' title='bbox 693 521 747 575; x_wconf 90' lang='lat' dir='ltr'><strong><em>pro</em></strong></span> <span class='ocrx_word' id='word_1_9' title='bbox 764 504 984 560; x_wconf 81' lang='lat' dir='ltr'><strong><em>Deludificstusb</em></strong></span> <span class='ocrx_word' id='word_1_10' title='bbox 1006 519 1050 559; x_wconf 86' lang='lat' dir='ltr'><strong><em>ms</em></strong></span> <span class='ocrx_word' id='word_1_11' title='bbox 1066 503 1111 560; x_wconf 73' lang='lat' dir='ltr'><strong><em>il:</em></strong></span> <span class='ocrx_word' id='word_1_12' title='bbox 1133 506 1170 573; x_wconf 70' lang='lat' dir='ltr'><strong><em>ci.</em></strong></span> <span class='ocrx_word' id='word_1_13' title='bbox 1188 504 1305 578; x_wconf 72' lang='lat' dir='ltr'><strong><em>Parerp.</em></strong></span> 
     </span>
     <span class='ocr_line' id='line_1_3' title="bbox 156 585 1307 660; baseline 0 -17"><span class='ocrx_word' id='word_1_14' title='bbox 156 607 186 660; x_wconf 95' lang='lat' dir='ltr'><strong><em>p.</em></strong></span> <span class='ocrx_word' id='word_1_15' title='bbox 201 594 268 643; x_wconf 77' lang='lat'><em>473:</em></span> <span class='ocrx_word' id='word_1_16' title='bbox 295 588 344 642; x_wconf 83' lang='lat' dir='ltr'><strong><em>nbi</em></strong></span> <span class='ocrx_word' id='word_1_17' title='bbox 365 603 443 656; x_wconf 89' lang='lat' dir='ltr'><strong><em>passe</em></strong></span> <span class='ocrx_word' id='word_1_18' title='bbox 468 588 549 642; x_wconf 87' lang='lat' dir='ltr'><strong><em>etiam</em></strong></span> <span class='ocrx_word' id='word_1_19' title='bbox 575 588 607 642; x_wconf 85' lang='lat' dir='ltr'><strong><em>de</em></strong></span> <span class='ocrx_word' id='word_1_20' title='bbox 632 587 742 642; x_wconf 74' lang='lat' dir='ltr'><strong><em>delendo</em></strong></span> <span class='ocrx_word' id='word_1_21' title='bbox 768 591 817 641; x_wconf 90' lang='lat' dir='ltr'><strong><em>aut</em></strong></span> <span class='ocrx_word' id='word_1_22' title='bbox 841 585 891 641; x_wconf 84' lang='lat' dir='ltr'><strong><em>bac</em></strong></span> <span class='ocrx_word' id='word_1_23' title='bbox 916 601 997 640; x_wconf 85' lang='lat' dir='ltr'><strong><em>versu</em></strong></span> <span class='ocrx_word' id='word_1_24' title='bbox 1018 590 1069 641; x_wconf 90' lang='lat' dir='ltr'><strong><em>aut</em></strong></span> <span class='ocrx_word' id='word_1_25' title='bbox 1091 588 1165 641; x_wconf 82' lang='lat'><strong><em>1033</em></strong></span> <span class='ocrx_word' id='word_1_26' title='bbox 1187 587 1307 657; x_wconf 72' lang='lat' dir='ltr'><strong><em>captari</em></strong></span> 
     </span>
     <span class='ocr_line' id='line_1_4' title="bbox 160 663 1307 738; baseline -0.003 -14"><span class='ocrx_word' id='word_1_27' title='bbox 160 670 247 724; x_wconf 76' lang='lat' dir='ltr'><strong><em>elisit:</em></strong></span> <span class='ocrx_word' id='word_1_28' title='bbox 266 673 345 738; x_wconf 75' lang='lat' dir='ltr'><strong><em>atque</em></strong></span> <span class='ocrx_word' id='word_1_29' title='bbox 362 669 516 723; x_wconf 80' lang='lat' dir='ltr'><strong><em>deleverant</em></strong></span> <span class='ocrx_word' id='word_1_30' title='bbox 534 668 607 722; x_wconf 80' lang='lat' dir='ltr'><strong><em>bunc</em></strong></span> <span class='ocrx_word' id='word_1_31' title='bbox 625 667 775 722; x_wconf 80' lang='lat' dir='ltr'><strong><em>Larentiae</em></strong></span> <span class='ocrx_word' id='word_1_32' title='bbox 788 666 989 736; x_wconf 73' lang='lat' dir='ltr'><strong><em>Lanpenusque</em></strong></span> <span class='ocrx_word' id='word_1_33' title='bbox 1001 663 1082 721; x_wconf 74' lang='lat' dir='ltr'><strong><em>Sirra.</em></strong></span> <span class='ocrx_word' id='word_1_34' title='bbox 1097 665 1141 720; x_wconf 91' lang='lat' dir='ltr'><strong><em>Pl.</em></strong></span> <span class='ocrx_word' id='word_1_35' title='bbox 1153 669 1307 736; x_wconf 49' lang='grc'><strong><em>113324,</em></strong></span> 
     </span>
     <span class='ocr_line' id='line_1_5' title="bbox 161 745 1305 818; baseline -0.003 -14"><span class='ocrx_word' id='word_1_36' title='bbox 161 750 240 804; x_wconf 77' lang='lat' dir='ltr'><strong><em>illum</em></strong></span> <span class='ocrx_word' id='word_1_37' title='bbox 266 749 407 818; x_wconf 77' lang='lat' dir='ltr'><strong><em>Buppius,</em></strong></span> <span class='ocrx_word' id='word_1_38' title='bbox 434 747 693 809; x_wconf 83' lang='lat' dir='ltr'><strong><em>Sonnenscbeinius‚</em></strong></span> <span class='ocrx_word' id='word_1_39' title='bbox 715 745 860 818; x_wconf 77' lang='lat' dir='ltr'><strong><em>Vssinpius</em></strong></span> <span class='ocrx_word' id='word_1_40' title='bbox 887 746 1044 815; x_wconf 77' lang='lat' dir='ltr'><strong><em>obloquente</em></strong></span> <span class='ocrx_word' id='word_1_41' title='bbox 1070 745 1174 801; x_wconf 70' lang='lat' dir='ltr'><strong><em>Brixia</em></strong></span> <span class='ocrx_word' id='word_1_42' title='bbox 1199 745 1305 801; x_wconf 71' lang='lat' dir='ltr'><strong><em>Amal.</em></strong></span> 
     </span>
     <span class='ocr_line' id='line_1_6' title="bbox 156 825 809 899; baseline -0.003 -16"><span class='ocrx_word' id='word_1_43' title='bbox 156 829 251 899; x_wconf 82' lang='lat' dir='ltr'><strong><em>plnlal.</em></strong></span> <span class='ocrx_word' id='word_1_44' title='bbox 273 827 412 883; x_wconf 81' lang='lat' dir='ltr'><strong><em>CXXXI</em></strong></span> <span class='ocrx_word' id='word_1_45' title='bbox 423 845 454 897; x_wconf 90' lang='lat' dir='ltr'><strong><em>p.</em></strong></span> <span class='ocrx_word' id='word_1_46' title='bbox 469 831 523 882; x_wconf 87' lang='lat'><strong><em>195</em></strong></span> <span class='ocrx_word' id='word_1_47' title='bbox 542 827 606 882; x_wconf 79' lang='lat' dir='ltr'><strong><em>adn.</em></strong></span> <span class='ocrx_word' id='word_1_48' title='bbox 637 825 706 880; x_wconf 82' lang='lat' dir='ltr'><strong><em>Vide</em></strong></span> <span class='ocrx_word' id='word_1_49' title='bbox 719 827 809 895; x_wconf 79' lang='lat' dir='ltr'><strong><em>praef.</em></strong></span> 
     </span>
    </p>
   </div>
   <div class='ocr_carea' id='block_1_3' title="bbox 156 904 1332 4500">
    <p class='ocr_par' dir='ltr' id='par_1_3' title="bbox 156 904 1332 1219">
     <span class='ocr_line' id='line_1_7' title="bbox 251 904 1332 977; baseline 0.003 -15"><span class='ocrx_word' id='word_1_50' title='bbox 251 914 327 963; x_wconf 77' lang='lat'><strong><em>1037.</em></strong></span> <span class='ocrx_word' id='word_1_51' title='bbox 355 906 449 961; x_wconf 85' lang='lat' dir='ltr'><strong><em>hercle</em></strong></span> <span class='ocrx_word' id='word_1_52' title='bbox 469 908 632 962; x_wconf 83' lang='lat' dir='ltr'><strong><em>obsecrate</em></strong></span> <span class='ocrx_word' id='word_1_53' title='bbox 650 922 707 959; x_wconf 83' lang='lat' dir='ltr'><strong><em>uns</em></strong></span> <span class='ocrx_word' id='word_1_54' title='bbox 724 906 849 977; x_wconf 75' lang='lat' dir='ltr'><strong><em>Pylades.</em></strong></span> <span class='ocrx_word' id='word_1_55' title='bbox 878 906 931 960; x_wconf 85' lang='lat' dir='ltr'><strong><em>hae</em></strong></span> <span class='ocrx_word' id='word_1_56' title='bbox 950 906 1066 961; x_wconf 78' lang='lat' dir='ltr'><strong><em>obsecra</em></strong></span> <span class='ocrx_word' id='word_1_57' title='bbox 1088 907 1118 960; x_wconf 82' lang='lat' dir='ltr'><strong><em>be</em></strong></span> <span class='ocrx_word' id='word_1_58' title='bbox 1135 922 1192 961; x_wconf 77' lang='lat' dir='ltr'><strong><em>uns</em></strong></span> <span class='ocrx_word' id='word_1_59' title='bbox 1210 904 1305 961; x_wconf 71' lang='lat' dir='ltr'><strong><em>Caute-</em></strong></span> <span class='ocrx_word' id='word_1_60' title='bbox 1328 958 1332 965; x_wconf 92' lang='lat'><strong><em>.</em></strong></span> 
     </span>
     <span class='ocr_line' id='line_1_8' title="bbox 160 985 1305 1062; baseline -0.004 -18"><span class='ocrx_word' id='word_1_61' title='bbox 160 989 262 1044; x_wconf 83' lang='lat' dir='ltr'><strong><em>rarius.</em></strong></span> <span class='ocrx_word' id='word_1_62' title='bbox 289 989 404 1043; x_wconf 87' lang='lat' dir='ltr'><strong><em>obsecro</em></strong></span> <span class='ocrx_word' id='word_1_63' title='bbox 421 987 495 1043; x_wconf 87' lang='lat' dir='ltr'><strong><em>intro</em></strong></span> <span class='ocrx_word' id='word_1_64' title='bbox 514 1005 570 1042; x_wconf 85' lang='lat' dir='ltr'><strong><em>uns</em></strong></span> <span class='ocrx_word' id='word_1_65' title='bbox 588 1003 652 1062; x_wconf 81' lang='lat' dir='ltr'><strong><em>enm</em></strong></span> <span class='ocrx_word' id='word_1_66' title='bbox 666 987 793 1042; x_wconf 84' lang='lat' dir='ltr'><strong><em>Palmera</em></strong></span> <span class='ocrx_word' id='word_1_67' title='bbox 811 986 1059 1042; x_wconf 75' lang='lat' dir='ltr'><strong><em>Sennemcbeinius</em></strong></span> <span class='ocrx_word' id='word_1_68' title='bbox 1076 985 1305 1058; x_wconf 74' lang='lat' dir='ltr'><strong><em>Niemeyerueqse</em></strong></span> 
     </span>
     <span class='ocr_line' id='line_1_9' title="bbox 161 1065 1304 1139; baseline -0.003 -14"><span class='ocrx_word' id='word_1_69' title='bbox 161 1070 178 1125; x_wconf 92' lang='lat' dir='ltr'><strong><em>l.</em></strong></span> <span class='ocrx_word' id='word_1_70' title='bbox 196 1084 217 1125; x_wconf 86' lang='lat' dir='ltr'><strong><em>s.</em></strong></span> <span class='ocrx_word' id='word_1_71' title='bbox 236 1085 258 1124; x_wconf 93' lang='lat' dir='ltr'><strong><em>s.</em></strong></span> <span class='ocrx_word' id='word_1_72' title='bbox 279 1085 307 1137; x_wconf 89' lang='lat' dir='ltr'><strong><em>p.</em></strong></span> <span class='ocrx_word' id='word_1_73' title='bbox 323 1073 393 1123; x_wconf 84' lang='lat'><strong><em>366.-</em></strong></span> <span class='ocrx_word' id='word_1_74' title='bbox 416 1073 466 1123; x_wconf 88' lang='lat' dir='ltr'><strong><em>aut</em></strong></span> <span class='ocrx_word' id='word_1_75' title='bbox 487 1070 527 1123; x_wconf 90' lang='lat' dir='ltr'><strong><em>sic</em></strong></span> <span class='ocrx_word' id='word_1_76' title='bbox 545 1072 595 1122; x_wconf 90' lang='lat' dir='ltr'><strong><em>ant</em></strong></span> <span class='ocrx_word' id='word_1_77' title='bbox 619 1068 655 1122; x_wconf 85' lang='lat' dir='ltr'><strong><em>sd</em></strong></span> <span class='ocrx_word' id='word_1_78' title='bbox 678 1069 706 1121; x_wconf 89' lang='lat' dir='ltr'><strong><em>te</em></strong></span> <span class='ocrx_word' id='word_1_79' title='bbox 729 1067 880 1137; x_wconf 80' lang='lat' dir='ltr'><strong><em>Vssinpius.</em></strong></span> <span class='ocrx_word' id='word_1_80' title='bbox 914 1066 956 1136; x_wconf 78' lang='lat' dir='ltr'><strong><em>Os.</em></strong></span> <span class='ocrx_word' id='word_1_81' title='bbox 976 1065 1137 1139; x_wconf 81' lang='lat' dir='ltr'><strong><em>Spenpelius</em></strong></span> <span class='ocrx_word' id='word_1_82' title='bbox 1156 1067 1190 1123; x_wconf 83' lang='grc' dir='ltr'><strong><em>Τ.</em></strong></span> <span class='ocrx_word' id='word_1_83' title='bbox 1209 1068 1255 1122; x_wconf 80' lang='grc' dir='ltr'><strong><em>Μ.</em></strong></span> <span class='ocrx_word' id='word_1_84' title='bbox 1274 1067 1304 1122; x_wconf 85' lang='lat' dir='ltr'><strong><em>P.</em></strong></span> 
     </span>
     <span class='ocr_line' id='line_1_10' title="bbox 156 1149 328 1219; baseline -0.006 -14"><span class='ocrx_word' id='word_1_85' title='bbox 156 1166 186 1219; x_wconf 87' lang='lat' dir='ltr'><strong><em>p.</em></strong></span> <span class='ocrx_word' id='word_1_86' title='bbox 200 1152 270 1216; x_wconf 84' lang='grc'><strong><em>220,</em></strong></span> <span class='ocrx_word' id='word_1_87' title='bbox 289 1149 328 1204; x_wconf 88' lang='lat' dir='ltr'><strong><em>al.</em></strong></span> 
     </span>
    </p>

    <p class='ocr_par' dir='ltr' id='par_1_4' title="bbox 157 1224 1307 1618">
     <span class='ocr_line' id='line_1_11' title="bbox 251 1224 1305 1299; baseline 0.004 -18"><span class='ocrx_word' id='word_1_88' title='bbox 251 1232 328 1282; x_wconf 82' lang='lat'><strong><em>1039.</em></strong></span> <span class='ocrx_word' id='word_1_89' title='bbox 363 1226 454 1282; x_wconf 82' lang='lat' dir='ltr'><strong><em>Sume.</em></strong></span> <span class='ocrx_word' id='word_1_90' title='bbox 481 1228 536 1283; x_wconf 79' lang='grc' dir='ltr'><strong><em>ΤΗ.</em></strong></span> <span class='ocrx_word' id='word_1_91' title='bbox 562 1227 660 1282; x_wconf 85' lang='lat' dir='ltr'><strong><em>eadem</em></strong></span> <span class='ocrx_word' id='word_1_92' title='bbox 686 1224 783 1299; x_wconf 80' lang='lat' dir='ltr'><strong><em>(ego)</em></strong></span> <span class='ocrx_word' id='word_1_93' title='bbox 808 1226 984 1283; x_wconf 73' lang='lat' dir='ltr'><strong><em>Camerarius</em></strong></span> <span class='ocrx_word' id='word_1_94' title='bbox 1008 1229 1123 1298; x_wconf 79' lang='lat' dir='ltr'><strong><em>itemque</em></strong></span> <span class='ocrx_word' id='word_1_95' title='bbox 1147 1226 1179 1282; x_wconf 70' lang='grc' dir='ltr'><strong><em>Ἡ</em></strong></span> <span class='ocrx_word' id='word_1_96' title='bbox 1202 1229 1305 1285; x_wconf 73' lang='lat' dir='ltr'><strong><em>adderes</em></strong></span> 
     </span>
     <span class='ocr_line' id='line_1_12' title="bbox 161 1307 1307 1378; baseline 0.003 -16"><span class='ocrx_word' id='word_1_97' title='bbox 161 1310 237 1363; x_wconf 90' lang='lat' dir='ltr'><strong><em>intus</em></strong></span> <span class='ocrx_word' id='word_1_98' title='bbox 262 1313 325 1363; x_wconf 78' lang='lat' dir='ltr'><strong><em>rente</em></strong></span> <span class='ocrx_word' id='word_1_99' title='bbox 347 1307 400 1362; x_wconf 82' lang='lat' dir='ltr'><strong><em>tibi</em></strong></span> <span class='ocrx_word' id='word_1_100' title='bbox 425 1310 522 1378; x_wconf 85' lang='lat' dir='ltr'><strong><em>(porro</em></strong></span> <span class='ocrx_word' id='word_1_101' title='bbox 547 1308 660 1377; x_wconf 81' lang='lat' dir='ltr'><strong><em>Parerp.</em></strong></span> <span class='ocrx_word' id='word_1_102' title='bbox 679 1325 709 1377; x_wconf 90' lang='lat' dir='ltr'><strong><em>p.</em></strong></span> <span class='ocrx_word' id='word_1_103' title='bbox 724 1310 805 1376; x_wconf 73' lang='lat'><strong><em>467),</em></strong></span> <span class='ocrx_word' id='word_1_104' title='bbox 825 1308 874 1364; x_wconf 84' lang='lat' dir='ltr'><strong><em>sed</em></strong></span> <span class='ocrx_word' id='word_1_105' title='bbox 897 1307 1001 1378; x_wconf 84' lang='lat' dir='ltr'><strong><em>opersd</em></strong></span> <span class='ocrx_word' id='word_1_106' title='bbox 1025 1325 1094 1364; x_wconf 89' lang='lat' dir='ltr'><strong><em>carr.</em></strong></span> <span class='ocrx_word' id='word_1_107' title='bbox 1116 1308 1191 1365; x_wconf 82' lang='lat' dir='ltr'><strong><em>Nar.</em></strong></span> <span class='ocrx_word' id='word_1_108' title='bbox 1214 1311 1307 1365; x_wconf 66' lang='lat' dir='ltr'><strong><em>ml</em></strong></span> 
     </span>
     <span class='ocr_line' id='line_1_13' title="bbox 157 1386 1305 1458; baseline 0 -14"><span class='ocrx_word' id='word_1_109' title='bbox 157 1393 251 1458; x_wconf 79' lang='lat' dir='ltr'><strong><em>p.72.·</em></strong></span> <span class='ocrx_word' id='word_1_110' title='bbox 268 1389 318 1444; x_wconf 86' lang='lat' dir='ltr'><strong><em>ubi</em></strong></span> <span class='ocrx_word' id='word_1_111' title='bbox 331 1392 395 1458; x_wconf 86' lang='lat' dir='ltr'><strong><em>post</em></strong></span> <span class='ocrx_word' id='word_1_112' title='bbox 415 1387 499 1442; x_wconf 87' lang='lat' dir='ltr'><strong><em>Sume</em></strong></span> <span class='ocrx_word' id='word_1_113' title='bbox 513 1389 577 1443; x_wconf 84' lang='lat' dir='ltr'><strong><em>aelel.</em></strong></span> <span class='ocrx_word' id='word_1_114' title='bbox 591 1386 659 1441; x_wconf 84' lang='lat' dir='ltr'><strong><em>hinc</em></strong></span> <span class='ocrx_word' id='word_1_115' title='bbox 672 1387 822 1444; x_wconf 71' lang='lat' dir='ltr'><strong><em>Muellerum</em></strong></span> <span class='ocrx_word' id='word_1_116' title='bbox 836 1405 866 1458; x_wconf 88' lang='lat' dir='ltr'><strong><em>p.</em></strong></span> <span class='ocrx_word' id='word_1_117' title='bbox 880 1392 944 1456; x_wconf 86' lang='grc'><strong><em>507,</em></strong></span> <span class='ocrx_word' id='word_1_118' title='bbox 962 1404 980 1442; x_wconf 77' lang='lat' dir='ltr'><strong>a</strong></span> <span class='ocrx_word' id='word_1_119' title='bbox 998 1405 1044 1442; x_wconf 88' lang='lat' dir='ltr'><strong><em>me</em></strong></span> <span class='ocrx_word' id='word_1_120' title='bbox 1057 1387 1305 1444; x_wconf 74' lang='lat' dir='ltr'><strong><em>sonmemetntss</em></strong></span> 
     </span>
     <span class='ocr_line' id='line_1_14' title="bbox 161 1466 1303 1539; baseline 0.001 -15"><span class='ocrx_word' id='word_1_121' title='bbox 161 1485 222 1524; x_wconf 84' lang='lat' dir='ltr'><strong><em>cum</em></strong></span> <span class='ocrx_word' id='word_1_122' title='bbox 241 1469 380 1534; x_wconf 88' lang='lat' dir='ltr'><strong><em>Palmero,</em></strong></span> <span class='ocrx_word' id='word_1_123' title='bbox 400 1472 465 1537; x_wconf 87' lang='lat' dir='ltr'><strong><em>past</em></strong></span> <span class='ocrx_word' id='word_1_124' title='bbox 483 1466 635 1536; x_wconf 82' lang='lat' dir='ltr'><strong><em>eademque</em></strong></span> <span class='ocrx_word' id='word_1_125' title='bbox 655 1472 745 1523; x_wconf 89' lang='lat' dir='ltr'><strong><em>autem</em></strong></span> <span class='ocrx_word' id='word_1_126' title='bbox 762 1471 795 1522; x_wconf 89' lang='lat' dir='ltr'><strong><em>ut</em></strong></span> <span class='ocrx_word' id='word_1_127' title='bbox 811 1468 948 1539; x_wconf 78' lang='lat' dir='ltr'><strong><em>Berplrius</em></strong></span> <span class='ocrx_word' id='word_1_128' title='bbox 968 1467 1067 1538; x_wconf 84' lang='lat' dir='ltr'><strong><em>Opuec.</em></strong></span> <span class='ocrx_word' id='word_1_129' title='bbox 1087 1467 1109 1521; x_wconf 91' lang='lat' dir='ltr'><strong><em>I</em></strong></span> <span class='ocrx_word' id='word_1_130' title='bbox 1119 1485 1152 1539; x_wconf 87' lang='lat' dir='ltr'><strong><em>p.</em></strong></span> <span class='ocrx_word' id='word_1_131' title='bbox 1165 1473 1232 1525; x_wconf 84' lang='lat'><strong><em>689.</em></strong></span> <span class='ocrx_word' id='word_1_132' title='bbox 1265 1469 1303 1536; x_wconf 71' lang='lat' dir='ltr'><strong><em>Of.</em></strong></span> 
     </span>
     <span class='ocr_line' id='line_1_15' title="bbox 162 1546 1004 1618; baseline 0 -16"><span class='ocrx_word' id='word_1_133' title='bbox 162 1548 309 1618; x_wconf 74' lang='lat' dir='ltr'><strong><em>Seyffertus</em></strong></span> <span class='ocrx_word' id='word_1_134' title='bbox 328 1547 411 1603; x_wconf 85' lang='lat' dir='ltr'><strong><em>Burs.</em></strong></span> <span class='ocrx_word' id='word_1_135' title='bbox 431 1547 537 1603; x_wconf 78' lang='lat' dir='ltr'><strong><em>Annal.</em></strong></span> <span class='ocrx_word' id='word_1_136' title='bbox 556 1546 677 1602; x_wconf 86' lang='lat' dir='ltr'><strong><em>LXIII</em></strong></span> <span class='ocrx_word' id='word_1_137' title='bbox 692 1565 720 1616; x_wconf 90' lang='lat' dir='ltr'><strong><em>p.</em></strong></span> <span class='ocrx_word' id='word_1_138' title='bbox 735 1551 776 1604; x_wconf 92' lang='grc'><strong><em>22</em></strong></span> <span class='ocrx_word' id='word_1_139' title='bbox 795 1553 820 1603; x_wconf 91' lang='lat' dir='ltr'><strong><em>et</em></strong></span> <span class='ocrx_word' id='word_1_140' title='bbox 837 1549 898 1603; x_wconf 86' lang='lat' dir='ltr'><strong><em>aide</em></strong></span> <span class='ocrx_word' id='word_1_141' title='bbox 912 1548 1004 1616; x_wconf 71' lang='lat' dir='ltr'><strong><em>praef.</em></strong></span> 
     </span>
    </p>

    <p class='ocr_par' dir='ltr' id='par_1_5' title="bbox 161 1626 1308 2500">
     <span class='ocr_line' id='line_1_16' title="bbox 252 1626 1304 1699; baseline 0.002 -17"><span class='ocrx_word' id='word_1_142' title='bbox 252 1633 328 1683; x_wconf 83' lang='lat'>1040.</span> <span class='ocrx_word' id='word_1_143' title='bbox 362 1626 429 1693; x_wconf 80' lang='lat' dir='ltr'><strong><em>Quis</em></strong></span> <span class='ocrx_word' id='word_1_144' title='bbox 448 1644 492 1682; x_wconf 91' lang='lat' dir='ltr'><strong><em>me</em></strong></span> <span class='ocrx_word' id='word_1_145' title='bbox 513 1627 647 1699; x_wconf 85' lang='lat' dir='ltr'><strong><em>exemplis</em></strong></span> <span class='ocrx_word' id='word_1_146' title='bbox 669 1627 753 1684; x_wconf 84' lang='lat' dir='ltr'><strong><em>hodie</em></strong></span> <span class='ocrx_word' id='word_1_147' title='bbox 775 1627 825 1682; x_wconf 87' lang='lat' dir='ltr'><strong><em>ille</em></strong></span> <span class='ocrx_word' id='word_1_148' title='bbox 844 1628 1028 1683; x_wconf 79' lang='lat' dir='ltr'><strong><em>Ganrerarins.</em></strong></span> <span class='ocrx_word' id='word_1_149' title='bbox 1063 1628 1132 1694; x_wconf 81' lang='lat' dir='ltr'><strong><em>Quis</em></strong></span> <span class='ocrx_word' id='word_1_150' title='bbox 1154 1647 1201 1686; x_wconf 85' lang='lat' dir='ltr'><strong><em>me</em></strong></span> <span class='ocrx_word' id='word_1_151' title='bbox 1224 1629 1304 1686; x_wconf 80' lang='lat' dir='ltr'><strong><em>hodie</em></strong></span> 
     </span>
     <span class='ocr_line' id='line_1_17' title="bbox 163 1706 1304 1781; baseline 0.001 -16"><span class='ocrx_word' id='word_1_152' title='bbox 163 1709 299 1781; x_wconf 84' lang='lat' dir='ltr'><strong><em>exemplis</em></strong></span> <span class='ocrx_word' id='word_1_153' title='bbox 317 1708 367 1765; x_wconf 86' lang='lat' dir='ltr'><strong><em>ille</em></strong></span> <span class='ocrx_word' id='word_1_154' title='bbox 385 1707 429 1776; x_wconf 69' lang='lat' dir='ltr'><strong><em>ii,</em></strong></span> <span class='ocrx_word' id='word_1_155' title='bbox 447 1708 551 1763; x_wconf 80' lang='lat' dir='ltr'><strong><em>attens</em></strong></span> <span class='ocrx_word' id='word_1_156' title='bbox 569 1709 722 1778; x_wconf 76' lang='lat' dir='ltr'><strong><em>‘potueram</em></strong></span> <span class='ocrx_word' id='word_1_157' title='bbox 740 1710 823 1764; x_wconf 88' lang='lat' dir='ltr'><strong><em>etiarn</em></strong></span> <span class='ocrx_word' id='word_1_158' title='bbox 845 1706 930 1763; x_wconf 87' lang='lat' dir='ltr'><strong><em>hodie</em></strong></span> <span class='ocrx_word' id='word_1_159' title='bbox 948 1708 1086 1778; x_wconf 79' lang='lat' dir='ltr'><strong><em>exemplis</em></strong></span> <span class='ocrx_word' id='word_1_160' title='bbox 1104 1727 1151 1766; x_wconf 85' lang='lat' dir='ltr'><strong><em>ms</em></strong></span> <span class='ocrx_word' id='word_1_161' title='bbox 1169 1709 1219 1765; x_wconf 89' lang='lat' dir='ltr'><strong><em>ille</em></strong></span> <span class='ocrx_word' id='word_1_162' title='bbox 1238 1710 1304 1766; x_wconf 85' lang='lat' dir='ltr'><strong><em>ludi-</em></strong></span> 
     </span>
     <span class='ocr_line' id='line_1_18' title="bbox 163 1787 1304 1859; baseline 0.001 -14"><span class='ocrx_word' id='word_1_163' title='bbox 163 1792 261 1846; x_wconf 83' lang='lat' dir='ltr'><strong><em>ficatus</em></strong></span> <span class='ocrx_word' id='word_1_164' title='bbox 289 1792 331 1846; x_wconf 85' lang='lat' dir='ltr'><strong><em>ael</em></strong></span> <span class='ocrx_word' id='word_1_165' title='bbox 357 1788 442 1844; x_wconf 85' lang='lat' dir='ltr'><strong><em>hodie</em></strong></span> <span class='ocrx_word' id='word_1_166' title='bbox 465 1788 600 1859; x_wconf 85' lang='lat' dir='ltr'><strong><em>exemplis</em></strong></span> <span class='ocrx_word' id='word_1_167' title='bbox 623 1805 668 1843; x_wconf 90' lang='lat' dir='ltr'><strong><em>me</em></strong></span> <span class='ocrx_word' id='word_1_168' title='bbox 692 1787 914 1857; x_wconf 80' lang='lat' dir='ltr'><strong><em>deludificatus’,</em></strong></span> <span class='ocrx_word' id='word_1_169' title='bbox 936 1789 983 1844; x_wconf 83' lang='lat' dir='ltr'><strong><em>seri</em></strong></span> <span class='ocrx_word' id='word_1_170' title='bbox 1002 1794 1099 1858; x_wconf 82' lang='lat' dir='ltr'><strong><em>pastea</em></strong></span> <span class='ocrx_word' id='word_1_171' title='bbox 1121 1807 1185 1845; x_wconf 79' lang='lat' dir='ltr'><strong><em>curn</em></strong></span> <span class='ocrx_word' id='word_1_172' title='bbox 1207 1791 1304 1846; x_wconf 74' lang='lat' dir='ltr'><strong><em>Basso</em></strong></span> 
     </span>
     <span class='ocr_line' id='line_1_19' title="bbox 161 1867 1304 1939; baseline 0.001 -13"><span class='ocrx_word' id='word_1_173' title='bbox 161 1872 267 1939; x_wconf 78' lang='lat' dir='ltr'><strong><em>faciens</em></strong></span> <span class='ocrx_word' id='word_1_174' title='bbox 282 1871 351 1925; x_wconf 83' lang='lat' dir='ltr'><strong><em>Nae.</em></strong></span> <span class='ocrx_word' id='word_1_175' title='bbox 366 1886 421 1925; x_wconf 78' lang='lat' dir='ltr'><strong><em>esec.</em></strong></span> <span class='ocrx_word' id='word_1_176' title='bbox 436 1869 457 1922; x_wconf 95' lang='grc' dir='ltr'><em>Ι</em></span> <span class='ocrx_word' id='word_1_177' title='bbox 468 1886 498 1937; x_wconf 91' lang='lat' dir='ltr'><strong><em>p.</em></strong></span> <span class='ocrx_word' id='word_1_178' title='bbox 509 1872 553 1924; x_wconf 85' lang='grc'><strong><em>37.</em></strong></span> <span class='ocrx_word' id='word_1_179' title='bbox 580 1867 688 1934; x_wconf 79' lang='lat' dir='ltr'><strong>Quibus</strong></span> <span class='ocrx_word' id='word_1_180' title='bbox 703 1871 755 1935; x_wconf 86' lang='lat' dir='ltr'><strong><em>(ael</em></strong></span> <span class='ocrx_word' id='word_1_181' title='bbox 768 1871 843 1935; x_wconf 88' lang='lat' dir='ltr'><strong><em>Quat</em></strong></span> <span class='ocrx_word' id='word_1_182' title='bbox 856 1869 891 1938; x_wconf 89' lang='lat' dir='ltr'><strong><em>is)</em></strong></span> <span class='ocrx_word' id='word_1_183' title='bbox 905 1884 951 1923; x_wconf 87' lang='lat' dir='ltr'><strong><em>me</em></strong></span> <span class='ocrx_word' id='word_1_184' title='bbox 965 1869 1101 1939; x_wconf 85' lang='lat' dir='ltr'><strong><em>exemplis</em></strong></span> <span class='ocrx_word' id='word_1_185' title='bbox 1115 1870 1202 1926; x_wconf 83' lang='lat' dir='ltr'><strong><em>hodie</em></strong></span> <span class='ocrx_word' id='word_1_186' title='bbox 1218 1872 1304 1927; x_wconf 77' lang='lat' dir='ltr'><strong><em>Mucl-</em></strong></span> 
     </span>
     <span class='ocr_line' id='line_1_20' title="bbox 161 1947 1305 2021; baseline -0.002 -13"><span class='ocrx_word' id='word_1_187' title='bbox 161 1953 234 2008; x_wconf 84' lang='lat' dir='ltr'><strong><em>lerus</em></strong></span> <span class='ocrx_word' id='word_1_188' title='bbox 247 1969 278 2021; x_wconf 88' lang='lat' dir='ltr'><strong><em>p.</em></strong></span> <span class='ocrx_word' id='word_1_189' title='bbox 295 1953 349 2006; x_wconf 83' lang='grc'><strong><em>507</em></strong></span> <span class='ocrx_word' id='word_1_190' title='bbox 367 1950 432 2004; x_wconf 78' lang='lat' dir='ltr'><strong><em>adn.</em></strong></span> <span class='ocrx_word' id='word_1_191' title='bbox 447 1950 493 2016; x_wconf 78' lang='lat' dir='ltr'><strong><em>(cf.</em></strong></span> <span class='ocrx_word' id='word_1_192' title='bbox 511 1948 649 2004; x_wconf 67' lang='lat' dir='ltr'><strong><em>‘Naclrtm’</em></strong></span> <span class='ocrx_word' id='word_1_193' title='bbox 661 1966 692 2018; x_wconf 92' lang='lat' dir='ltr'><strong><em>p.</em></strong></span> <span class='ocrx_word' id='word_1_194' title='bbox 707 1951 756 2018; x_wconf 87' lang='grc'><strong><em>82)</em></strong></span> <span class='ocrx_word' id='word_1_195' title='bbox 776 1951 898 2020; x_wconf 75' lang='lat' dir='ltr'><strong><em>itemque,</em></strong></span> <span class='ocrx_word' id='word_1_196' title='bbox 916 1949 964 2004; x_wconf 77' lang='lat' dir='ltr'><strong><em>sed</em></strong></span> <span class='ocrx_word' id='word_1_197' title='bbox 982 1947 1057 2016; x_wconf 85' lang='lat' dir='ltr'><strong><em>med,</em></strong></span> <span class='ocrx_word' id='word_1_198' title='bbox 1075 1966 1171 2006; x_wconf 82' lang='lat' dir='ltr'><strong><em>censor</em></strong></span> <span class='ocrx_word' id='word_1_199' title='bbox 1183 1951 1305 2006; x_wconf 77' lang='lat' dir='ltr'><strong><em>Senseri-</em></strong></span> 
     </span>
     <span class='ocr_line' id='line_1_21' title="bbox 161 2027 1305 2100; baseline -0.003 -12"><span class='ocrx_word' id='word_1_200' title='bbox 161 2032 276 2089; x_wconf 77' lang='lat' dir='ltr'><strong><em>selseinii</em></strong></span> <span class='ocrx_word' id='word_1_201' title='bbox 295 2030 403 2099; x_wconf 74' lang='lat' dir='ltr'><strong><em>‘philol</em></strong></span> <span class='ocrx_word' id='word_1_202' title='bbox 423 2029 505 2083; x_wconf 60' lang='grc' dir='ltr'><strong><em>ΑΜ)</em></strong></span> <span class='ocrx_word' id='word_1_203' title='bbox 529 2028 611 2082; x_wconf 94' lang='lat' dir='ltr'><strong><em>XVI</em></strong></span> <span class='ocrx_word' id='word_1_204' title='bbox 625 2045 657 2097; x_wconf 81' lang='lat' dir='ltr'><strong><em>p.</em></strong></span> <span class='ocrx_word' id='word_1_205' title='bbox 670 2033 734 2084; x_wconf 82' lang='lat'><strong><em>321.</em></strong></span> <span class='ocrx_word' id='word_1_206' title='bbox 769 2028 821 2095; x_wconf 83' lang='lat' dir='ltr'><strong><em>Qui</em></strong></span> <span class='ocrx_word' id='word_1_207' title='bbox 841 2029 865 2082; x_wconf 91' lang='lat' dir='ltr'><strong><em>is</em></strong></span> <span class='ocrx_word' id='word_1_208' title='bbox 883 2027 976 2083; x_wconf 85' lang='lat' dir='ltr'><strong><em>hodie.</em></strong></span> <span class='ocrx_word' id='word_1_209' title='bbox 988 2029 1117 2100; x_wconf 85' lang='lat' dir='ltr'><strong><em>exempla</em></strong></span> <span class='ocrx_word' id='word_1_210' title='bbox 1136 2045 1182 2085; x_wconf 87' lang='lat' dir='ltr'><strong><em>me</em></strong></span> <span class='ocrx_word' id='word_1_211' title='bbox 1208 2032 1245 2099; x_wconf 89' lang='lat' dir='ltr'><strong><em>(et</em></strong></span> <span class='ocrx_word' id='word_1_212' title='bbox 1262 2030 1305 2084; x_wconf 86' lang='lat' dir='ltr'><strong><em>da·</em></strong></span> 
     </span>
     <span class='ocr_line' id='line_1_22' title="bbox 162 2108 1308 2180; baseline 0 -15"><span class='ocrx_word' id='word_1_213' title='bbox 162 2110 331 2179; x_wconf 80' lang='lat' dir='ltr'><strong><em>ludificatus)</em></strong></span> <span class='ocrx_word' id='word_1_214' title='bbox 356 2109 603 2164; x_wconf 81' lang='lat' dir='ltr'><strong><em>Sannenscbeinins</em></strong></span> <span class='ocrx_word' id='word_1_215' title='bbox 625 2111 763 2176; x_wconf 69' lang='lat' dir='ltr'><strong><em>refutante</em></strong></span> <span class='ocrx_word' id='word_1_216' title='bbox 786 2109 918 2180; x_wconf 73' lang='lat' dir='ltr'><strong><em>Seyfferta</em></strong></span> <span class='ocrx_word' id='word_1_217' title='bbox 941 2124 1009 2164; x_wconf 83' lang='lat' dir='ltr'><strong><em>cens.</em></strong></span> <span class='ocrx_word' id='word_1_218' title='bbox 1026 2127 1056 2178; x_wconf 90' lang='lat' dir='ltr'><strong><em>p.</em></strong></span> <span class='ocrx_word' id='word_1_219' title='bbox 1072 2113 1136 2165; x_wconf 82' lang='lat'><strong><em>995.</em></strong></span> <span class='ocrx_word' id='word_1_220' title='bbox 1169 2108 1239 2177; x_wconf 84' lang='lat' dir='ltr'><strong><em>Quis</em></strong></span> <span class='ocrx_word' id='word_1_221' title='bbox 1259 2111 1308 2180; x_wconf 84' lang='lat' dir='ltr'><strong><em>(rel</em></strong></span> 
     </span>
     <span class='ocr_line' id='line_1_23' title="bbox 163 2187 1307 2260; baseline -0.001 -15"><span class='ocrx_word' id='word_1_222' title='bbox 163 2189 280 2260; x_wconf 78' lang='lat' dir='ltr'>Quibus)</span> <span class='ocrx_word' id='word_1_223' title='bbox 299 2206 344 2244; x_wconf 85' lang='lat' dir='ltr'><strong><em>me</em></strong></span> <span class='ocrx_word' id='word_1_224' title='bbox 363 2188 412 2242; x_wconf 87' lang='lat' dir='ltr'><strong><em>ille</em></strong></span> <span class='ocrx_word' id='word_1_225' title='bbox 432 2188 565 2259; x_wconf 84' lang='lat' dir='ltr'><strong><em>exemplis</em></strong></span> <span class='ocrx_word' id='word_1_226' title='bbox 583 2187 628 2246; x_wconf 56' lang='grc' dir='ltr'><strong><em>Ε·</em></strong></span> <span class='ocrx_word' id='word_1_227' title='bbox 647 2191 708 2245; x_wconf 83' lang='lat' dir='ltr'><strong><em>aide</em></strong></span> <span class='ocrx_word' id='word_1_228' title='bbox 725 2190 814 2259; x_wconf 79' lang='lat' dir='ltr'><strong><em>praef.</em></strong></span> <span class='ocrx_word' id='word_1_229' title='bbox 839 2189 959 2244; x_wconf 65' lang='lat' dir='ltr'><strong><em>&amp;imum</em></strong></span> <span class='ocrx_word' id='word_1_230' title='bbox 977 2187 1156 2244; x_wconf 82' lang='lat' dir='ltr'><strong><em>eludifiastus</em></strong></span> <span class='ocrx_word' id='word_1_231' title='bbox 1175 2192 1307 2260; x_wconf 69' lang='lat' dir='ltr'><strong><em>(quamue</em></strong></span> 
     </span>
     <span class='ocr_line' id='line_1_24' title="bbox 161 2267 1305 2340; baseline -0.002 -14"><span class='ocrx_word' id='word_1_232' title='bbox 161 2271 244 2340; x_wconf 74' lang='lat' dir='ltr'><strong><em>facile</em></strong></span> <span class='ocrx_word' id='word_1_233' title='bbox 261 2287 276 2325; x_wconf 90' lang='lat' dir='ltr'><strong><em>e</em></strong></span> <span class='ocrx_word' id='word_1_234' title='bbox 295 2274 399 2339; x_wconf 75' lang='lat' dir='ltr'><strong><em>repetas</em></strong></span> <span class='ocrx_word' id='word_1_235' title='bbox 418 2286 451 2323; x_wconf 79' lang='lat' dir='ltr'><strong><em>err</em></strong></span> <span class='ocrx_word' id='word_1_236' title='bbox 464 2271 642 2338; x_wconf 73' lang='lat' dir='ltr'><strong><em>praecedente</em></strong></span> <span class='ocrx_word' id='word_1_237' title='bbox 659 2267 754 2338; x_wconf 90' lang='lat' dir='ltr'><strong><em>hodie)</em></strong></span> <span class='ocrx_word' id='word_1_238' title='bbox 772 2270 887 2336; x_wconf 77' lang='lat' dir='ltr'><strong><em>defendo</em></strong></span> <span class='ocrx_word' id='word_1_239' title='bbox 904 2269 963 2325; x_wconf 89' lang='lat' dir='ltr'><strong><em>call.</em></strong></span> <span class='ocrx_word' id='word_1_240' title='bbox 973 2268 1073 2339; x_wconf 77' lang='lat' dir='ltr'><strong><em>Ampls.</em></strong></span> <span class='ocrx_word' id='word_1_241' title='bbox 1082 2273 1150 2337; x_wconf 83' lang='grc'><strong><em>265,</em></strong></span> <span class='ocrx_word' id='word_1_242' title='bbox 1167 2272 1221 2327; x_wconf 78' lang='lat' dir='ltr'><strong><em>at:</em></strong></span> <span class='ocrx_word' id='word_1_243' title='bbox 1239 2270 1305 2324; x_wconf 80' lang='lat' dir='ltr'><strong><em>iudi·</em></strong></span> 
     </span>
     <span class='ocr_line' id='line_1_25' title="bbox 164 2347 1307 2419; baseline -0.001 -15"><span class='ocrx_word' id='word_1_244' title='bbox 164 2353 261 2406; x_wconf 85' lang='lat' dir='ltr'><strong><em>ficatus</em></strong></span> <span class='ocrx_word' id='word_1_245' title='bbox 276 2349 306 2404; x_wconf 74' lang='lat' dir='ltr'><strong><em>Il</em></strong></span> <span class='ocrx_word' id='word_1_246' title='bbox 320 2367 381 2404; x_wconf 88' lang='lat' dir='ltr'><strong><em>cnm</em></strong></span> <span class='ocrx_word' id='word_1_247' title='bbox 394 2350 495 2405; x_wconf 73' lang='lat' dir='ltr'><strong><em>ceteris.</em></strong></span> <span class='ocrx_word' id='word_1_248' title='bbox 508 2381 539 2388; x_wconf 98' lang='lat'>—</span> <span class='ocrx_word' id='word_1_249' title='bbox 559 2349 596 2404; x_wconf 89' lang='lat' dir='ltr'><strong><em>sit</em></strong></span> <span class='ocrx_word' id='word_1_250' title='bbox 609 2365 663 2418; x_wconf 87' lang='lat' dir='ltr'><strong><em>pro</em></strong></span> <span class='ocrx_word' id='word_1_251' title='bbox 682 2350 725 2403; x_wconf 88' lang='lat' dir='ltr'><strong><em>est</em></strong></span> <span class='ocrx_word' id='word_1_252' title='bbox 743 2348 880 2403; x_wconf 84' lang='lat' dir='ltr'><strong><em>Becleerus</em></strong></span> <span class='ocrx_word' id='word_1_253' title='bbox 897 2349 930 2402; x_wconf 90' lang='lat' dir='ltr'><strong><em>in</em></strong></span> <span class='ocrx_word' id='word_1_254' title='bbox 948 2347 1068 2403; x_wconf 79' lang='lat' dir='ltr'><strong><em>Strrrlem.</em></strong></span> <span class='ocrx_word' id='word_1_255' title='bbox 1079 2347 1160 2404; x_wconf 78' lang='lat' dir='ltr'><strong><em>Stua.</em></strong></span> <span class='ocrx_word' id='word_1_256' title='bbox 1170 2349 1194 2404; x_wconf 91' lang='lat' dir='ltr'><strong><em>I</em></strong></span> <span class='ocrx_word' id='word_1_257' title='bbox 1199 2366 1231 2419; x_wconf 88' lang='lat' dir='ltr'><strong><em>p.</em></strong></span> <span class='ocrx_word' id='word_1_258' title='bbox 1240 2353 1307 2406; x_wconf 68' lang='lat'><strong><em>245.-</em></strong></span> 
     </span>
     <span class='ocr_line' id='line_1_26' title="bbox 161 2428 843 2500; baseline -0.007 -12"><span class='ocrx_word' id='word_1_259' title='bbox 161 2435 197 2500; x_wconf 78' lang='lat' dir='ltr'><strong><em>et&#39;.</em></strong></span> <span class='ocrx_word' id='word_1_260' title='bbox 217 2431 417 2486; x_wconf 79' lang='lat' dir='ltr'><strong><em>Fulrrmannus</em></strong></span> <span class='ocrx_word' id='word_1_261' title='bbox 435 2428 540 2484; x_wconf 77' lang='lat' dir='ltr'><strong><em>Annal.</em></strong></span> <span class='ocrx_word' id='word_1_262' title='bbox 554 2429 651 2499; x_wconf 72' lang='lat' dir='ltr'><strong><em>philol.</em></strong></span> <span class='ocrx_word' id='word_1_263' title='bbox 669 2428 721 2484; x_wconf 81' lang='lat' dir='ltr'><strong><em>GV</em></strong></span> <span class='ocrx_word' id='word_1_264' title='bbox 731 2446 761 2497; x_wconf 96' lang='lat' dir='ltr'><strong><em>p.</em></strong></span> <span class='ocrx_word' id='word_1_265' title='bbox 776 2433 843 2484; x_wconf 80' lang='grc'><strong><em>827.</em></strong></span> 
     </span>
    </p>

    <p class='ocr_par' dir='ltr' id='par_1_6' title="bbox 159 2509 1310 3220">
     <span class='ocr_line' id='line_1_27' title="bbox 254 2509 1307 2581; baseline 0.001 -18"><span class='ocrx_word' id='word_1_266' title='bbox 254 2517 322 2565; x_wconf 80' lang='grc'><em>1042</em></span> <span class='ocrx_word' id='word_1_267' title='bbox 337 2527 375 2580; x_wconf 76' lang='lat' dir='ltr'><strong><em>sq.</em></strong></span> <span class='ocrx_word' id='word_1_268' title='bbox 403 2511 451 2565; x_wconf 76' lang='lat' dir='ltr'><strong><em>Aet</em></strong></span> <span class='ocrx_word' id='word_1_269' title='bbox 469 2510 551 2564; x_wconf 80' lang='lat' dir='ltr'><strong><em>nauci</em></strong></span> <span class='ocrx_word' id='word_1_270' title='bbox 570 2512 604 2576; x_wconf 82' lang='lat' dir='ltr'><strong><em>cs.</em></strong></span> <span class='ocrx_word' id='word_1_271' title='bbox 623 2509 653 2562; x_wconf 68' lang='lat' dir='ltr'><strong><em>il</em></strong></span> <span class='ocrx_word' id='word_1_272' title='bbox 674 2509 771 2579; x_wconf 85' lang='lat' dir='ltr'><strong><em>Opnsc.</em></strong></span> <span class='ocrx_word' id='word_1_273' title='bbox 787 2510 856 2579; x_wconf 84' lang='lat' dir='ltr'><strong><em>pbil.</em></strong></span> <span class='ocrx_word' id='word_1_274' title='bbox 876 2509 916 2563; x_wconf 94' lang='lat' dir='ltr'><strong><em>II</em></strong></span> <span class='ocrx_word' id='word_1_275' title='bbox 928 2526 957 2578; x_wconf 91' lang='lat' dir='ltr'><strong><em>p.</em></strong></span> <span class='ocrx_word' id='word_1_276' title='bbox 974 2513 1041 2576; x_wconf 76' lang='grc'><strong><em>424,</em></strong></span> <span class='ocrx_word' id='word_1_277' title='bbox 1059 2511 1182 2565; x_wconf 81' lang='lat' dir='ltr'><strong><em>Laclrius</em></strong></span> <span class='ocrx_word' id='word_1_278' title='bbox 1200 2512 1235 2566; x_wconf 80' lang='lat' dir='ltr'><strong><em>de</em></strong></span> <span class='ocrx_word' id='word_1_279' title='bbox 1251 2528 1307 2581; x_wconf 76' lang='lat' dir='ltr'><strong><em>per.</em></strong></span> 
     </span>
     <span class='ocr_line' id='line_1_28' title="bbox 159 2589 1306 2663; baseline -0.002 -15"><span class='ocrx_word' id='word_1_280' title='bbox 159 2610 189 2663; x_wconf 91' lang='lat' dir='ltr'><strong><em>p.</em></strong></span> <span class='ocrx_word' id='word_1_281' title='bbox 200 2597 226 2648; x_wconf 82' lang='grc'><strong><em>8.</em></strong></span> <span class='ocrx_word' id='word_1_282' title='bbox 238 2596 283 2658; x_wconf 83' lang='grc'><strong><em>33,</em></strong></span> <span class='ocrx_word' id='word_1_283' title='bbox 293 2591 325 2644; x_wconf 86' lang='lat' dir='ltr'><strong><em>L.</em></strong></span> <span class='ocrx_word' id='word_1_284' title='bbox 338 2590 487 2645; x_wconf 73' lang='lat' dir='ltr'><strong><em>Muellerus</em></strong></span> <span class='ocrx_word' id='word_1_285' title='bbox 495 2589 596 2644; x_wconf 75' lang='lat' dir='ltr'><strong><em>Philet.</em></strong></span> <span class='ocrx_word' id='word_1_286' title='bbox 609 2590 777 2646; x_wconf 89' lang='lat' dir='ltr'><strong><em>XXXVII</em></strong></span> <span class='ocrx_word' id='word_1_287' title='bbox 786 2610 816 2663; x_wconf 91' lang='lat' dir='ltr'><strong><em>p.</em></strong></span> <span class='ocrx_word' id='word_1_288' title='bbox 825 2596 881 2647; x_wconf 84' lang='grc'><strong><em>357</em></strong></span> <span class='ocrx_word' id='word_1_289' title='bbox 889 2608 955 2661; x_wconf 78' lang='lat' dir='ltr'><strong><em>sqq,</em></strong></span> <span class='ocrx_word' id='word_1_290' title='bbox 969 2590 1108 2645; x_wconf 83' lang='lat' dir='ltr'><strong><em>Mentse&#39;us</em></strong></span> <span class='ocrx_word' id='word_1_291' title='bbox 1121 2592 1154 2645; x_wconf 87' lang='lat' dir='ltr'><strong><em>in</em></strong></span> <span class='ocrx_word' id='word_1_292' title='bbox 1163 2591 1306 2646; x_wconf 83' lang='lat' dir='ltr'><strong><em>Dissertat.</em></strong></span> 
     </span>
     <span class='ocr_line' id='line_1_29' title="bbox 165 2668 1307 2742; baseline -0.004 -16"><span class='ocrx_word' id='word_1_293' title='bbox 165 2674 225 2726; x_wconf 88' lang='lat' dir='ltr'><strong><em>Ien.</em></strong></span> <span class='ocrx_word' id='word_1_294' title='bbox 246 2674 266 2724; x_wconf 93' lang='lat' dir='ltr'><strong><em>I</em></strong></span> <span class='ocrx_word' id='word_1_295' title='bbox 271 2671 297 2723; x_wconf 91' lang='lat' dir='ltr'><strong><em>V</em></strong></span> <span class='ocrx_word' id='word_1_296' title='bbox 310 2688 339 2739; x_wconf 89' lang='lat' dir='ltr'><strong><em>p.</em></strong></span> <span class='ocrx_word' id='word_1_297' title='bbox 355 2673 400 2736; x_wconf 69' lang='lat'><strong><em>45,</em></strong></span> <span class='ocrx_word' id='word_1_298' title='bbox 419 2671 455 2723; x_wconf 89' lang='lat' dir='ltr'><strong><em>al.</em></strong></span> <span class='ocrx_word' id='word_1_299' title='bbox 470 2701 501 2709; x_wconf 91' lang='lat'>—</span> <span class='ocrx_word' id='word_1_300' title='bbox 524 2670 590 2725; x_wconf 86' lang='lat' dir='ltr'><strong><em>Post</em></strong></span> <span class='ocrx_word' id='word_1_301' title='bbox 609 2671 681 2725; x_wconf 78' lang='lat' dir='ltr'><strong><em>lianc</em></strong></span> <span class='ocrx_word' id='word_1_302' title='bbox 699 2689 723 2726; x_wconf 86' lang='lat' dir='ltr'><strong><em>v.</em></strong></span> <span class='ocrx_word' id='word_1_303' title='bbox 743 2673 872 2728; x_wconf 71' lang='lat' dir='ltr'><strong><em>laminam</em></strong></span> <span class='ocrx_word' id='word_1_304' title='bbox 889 2670 1065 2742; x_wconf 68' lang='lat' dir='ltr'><strong><em>sipnificabat</em></strong></span> <span class='ocrx_word' id='word_1_305' title='bbox 1082 2668 1112 2724; x_wconf 69' lang='lat' dir='ltr'>B</span> <span class='ocrx_word' id='word_1_306' title='bbox 1132 2672 1178 2738; x_wconf 84' lang='lat' dir='ltr'><strong><em>(cf.</em></strong></span> <span class='ocrx_word' id='word_1_307' title='bbox 1196 2671 1307 2740; x_wconf 68' lang='lat' dir='ltr'><strong><em>Parem.</em></strong></span> 
     </span>
     <span class='ocr_line' id='line_1_30' title="bbox 161 2749 1308 2822; baseline 0.002 -18"><span class='ocrx_word' id='word_1_308' title='bbox 161 2769 191 2820; x_wconf 87' lang='lat' dir='ltr'><strong><em>p.</em></strong></span> <span class='ocrx_word' id='word_1_309' title='bbox 207 2755 291 2818; x_wconf 73' lang='lat'><strong><em>4⁶8),</em></strong></span> <span class='ocrx_word' id='word_1_310' title='bbox 309 2767 369 2804; x_wconf 82' lang='lat' dir='ltr'><strong><em>cunr</em></strong></span> <span class='ocrx_word' id='word_1_311' title='bbox 388 2749 529 2804; x_wconf 88' lang='lat' dir='ltr'><strong><em>Bannetns</em></strong></span> <span class='ocrx_word' id='word_1_312' title='bbox 547 2751 651 2805; x_wconf 84' lang='lat' dir='ltr'><strong><em>Annal.</em></strong></span> <span class='ocrx_word' id='word_1_313' title='bbox 667 2753 764 2822; x_wconf 80' lang='lat' dir='ltr'><strong><em>philol.</em></strong></span> <span class='ocrx_word' id='word_1_314' title='bbox 786 2751 861 2805; x_wconf 80' lang='lat' dir='ltr'><strong><em>OXI</em></strong></span> <span class='ocrx_word' id='word_1_315' title='bbox 871 2769 901 2821; x_wconf 91' lang='lat' dir='ltr'><strong><em>p.</em></strong></span> <span class='ocrx_word' id='word_1_316' title='bbox 915 2754 972 2806; x_wconf 83' lang='grc'><strong><em>885</em></strong></span> <span class='ocrx_word' id='word_1_317' title='bbox 990 2765 1096 2805; x_wconf 71' lang='lat' dir='ltr'><strong><em>vesum</em></strong></span> <span class='ocrx_word' id='word_1_318' title='bbox 1111 2752 1209 2819; x_wconf 87' lang='lat' dir='ltr'><strong><em>patius</em></strong></span> <span class='ocrx_word' id='word_1_319' title='bbox 1227 2752 1308 2821; x_wconf 77' lang='lat' dir='ltr'><strong><em>mapi-</em></strong></span> 
     </span>
     <span class='ocr_line' id='line_1_31' title="bbox 164 2829 1310 2903; baseline -0.001 -17"><span class='ocrx_word' id='word_1_320' title='bbox 164 2832 239 2886; x_wconf 85' lang='lat' dir='ltr'><strong><em>stella</em></strong></span> <span class='ocrx_word' id='word_1_321' title='bbox 254 2831 358 2885; x_wconf 84' lang='lat' dir='ltr'><strong><em>tribnat</em></strong></span> <span class='ocrx_word' id='word_1_322' title='bbox 370 2830 577 2885; x_wconf 73' lang='lat' dir='ltr'><strong><em>assentientibus</em></strong></span> <span class='ocrx_word' id='word_1_323' title='bbox 587 2831 724 2901; x_wconf 77' lang='lat' dir='ltr'><strong><em>Vesinpio,</em></strong></span> <span class='ocrx_word' id='word_1_324' title='bbox 733 2832 884 2900; x_wconf 83' lang='lat' dir='ltr'><strong><em>Leidolplw</em></strong></span> <span class='ocrx_word' id='word_1_325' title='bbox 893 2831 926 2885; x_wconf 85' lang='lat' dir='ltr'><strong><em>ele</em></strong></span> <span class='ocrx_word' id='word_1_326' title='bbox 935 2830 1014 2885; x_wconf 84' lang='lat' dir='ltr'><strong><em>Festi</em></strong></span> <span class='ocrx_word' id='word_1_327' title='bbox 1027 2829 1094 2886; x_wconf 84' lang='lat' dir='ltr'><strong><em>lacis</em></strong></span> <span class='ocrx_word' id='word_1_328' title='bbox 1105 2829 1152 2885; x_wconf 91' lang='lat' dir='ltr'><strong><em>Pl.</em></strong></span> <span class='ocrx_word' id='word_1_329' title='bbox 1157 2847 1190 2899; x_wconf 93' lang='lat' dir='ltr'><strong><em>p.</em></strong></span> <span class='ocrx_word' id='word_1_330' title='bbox 1200 2834 1258 2885; x_wconf 79' lang='grc'><strong><em>215</em></strong></span> <span class='ocrx_word' id='word_1_331' title='bbox 1264 2846 1310 2903; x_wconf 68' lang='lat' dir='ltr'><strong><em>sp,</em></strong></span> 
     </span>
     <span class='ocr_line' id='line_1_32' title="bbox 164 2911 1309 2982; baseline -0.003 -15"><span class='ocrx_word' id='word_1_332' title='bbox 164 2914 237 2967; x_wconf 87' lang='lat' dir='ltr'><strong><em>aliis.</em></strong></span> <span class='ocrx_word' id='word_1_333' title='bbox 270 2911 390 2979; x_wconf 72' lang='lat' dir='ltr'><strong><em>Vtraque</em></strong></span> <span class='ocrx_word' id='word_1_334' title='bbox 412 2912 506 2978; x_wconf 88' lang='lat' dir='ltr'><strong><em>opinio</em></strong></span> <span class='ocrx_word' id='word_1_335' title='bbox 529 2928 561 2965; x_wconf 80' lang='lat' dir='ltr'><strong><em>esc</em></strong></span> <span class='ocrx_word' id='word_1_336' title='bbox 583 2912 659 2978; x_wconf 73' lang='lat' dir='ltr'><strong><em>salsa</em></strong></span> <span class='ocrx_word' id='word_1_337' title='bbox 682 2913 906 2982; x_wconf 77' lang='lat' dir='ltr'><strong><em>interpretatione</em></strong></span> <span class='ocrx_word' id='word_1_338' title='bbox 928 2915 990 2966; x_wconf 87' lang='lat' dir='ltr'><strong><em>arta</em></strong></span> <span class='ocrx_word' id='word_1_339' title='bbox 1008 2914 1059 2976; x_wconf 88' lang='lat' dir='ltr'><strong><em>est,</em></strong></span> <span class='ocrx_word' id='word_1_340' title='bbox 1081 2911 1163 2978; x_wconf 80' lang='lat' dir='ltr'><strong><em>quasi</em></strong></span> <span class='ocrx_word' id='word_1_341' title='bbox 1186 2911 1226 2965; x_wconf 77' lang='lat' dir='ltr'><strong><em>aa</em></strong></span> <span class='ocrx_word' id='word_1_342' title='bbox 1243 2912 1309 2966; x_wconf 82' lang='lat' dir='ltr'><strong><em>reri·</em></strong></span> 
     </span>
     <span class='ocr_line' id='line_1_33' title="bbox 165 2990 1310 3060; baseline 0.001 -14"><span class='ocrx_word' id='word_1_343' title='bbox 165 2992 285 3060; x_wconf 76' lang='lat' dir='ltr'><strong><em>laqninrn</em></strong></span> <span class='ocrx_word' id='word_1_344' title='bbox 312 2992 478 3045; x_wconf 86' lang='lat' dir='ltr'><strong><em>nationemve</em></strong></span> <span class='ocrx_word' id='word_1_345' title='bbox 505 2997 601 3060; x_wconf 81' lang='lat' dir='ltr'><strong><em>spectet</em></strong></span> <span class='ocrx_word' id='word_1_346' title='bbox 630 2991 675 3046; x_wconf 87' lang='lat' dir='ltr'><strong><em>ln&#39;c</em></strong></span> <span class='ocrx_word' id='word_1_347' title='bbox 702 3008 807 3060; x_wconf 82' lang='lat' dir='ltr'><strong><em>uersus,</em></strong></span> <span class='ocrx_word' id='word_1_348' title='bbox 834 3007 895 3046; x_wconf 82' lang='lat' dir='ltr'><strong><em>eum</em></strong></span> <span class='ocrx_word' id='word_1_349' title='bbox 925 2990 1030 3044; x_wconf 83' lang='lat' dir='ltr'><strong><em>Tranio</em></strong></span> <span class='ocrx_word' id='word_1_350' title='bbox 1061 2990 1197 3059; x_wconf 70' lang='lat' dir='ltr'><strong><em>sipnirieet</em></strong></span> <span class='ocrx_word' id='word_1_351' title='bbox 1223 3008 1252 3047; x_wconf 89' lang='lat' dir='ltr'><strong><em>ee</em></strong></span> <span class='ocrx_word' id='word_1_352' title='bbox 1277 3009 1310 3046; x_wconf 80' lang='lat' dir='ltr'><strong><em>rie</em></strong></span> 
     </span>
     <span class='ocr_line' id='line_1_34' title="bbox 164 3070 1309 3142; baseline -0.003 -15"><span class='ocrx_word' id='word_1_353' title='bbox 164 3072 274 3127; x_wconf 81' lang='lat' dir='ltr'><strong><em>verbum</em></strong></span> <span class='ocrx_word' id='word_1_354' title='bbox 292 3072 400 3139; x_wconf 78' lang='lat' dir='ltr'><strong><em>quidem</em></strong></span> <span class='ocrx_word' id='word_1_355' title='bbox 418 3070 502 3125; x_wconf 81' lang='lat' dir='ltr'><strong><em>nauci</em></strong></span> <span class='ocrx_word' id='word_1_356' title='bbox 520 3073 633 3138; x_wconf 80' lang='lat' dir='ltr'><strong><em>nouisse,</em></strong></span> <span class='ocrx_word' id='word_1_357' title='bbox 651 3073 698 3128; x_wconf 80' lang='lat' dir='ltr'><strong><em>secl</em></strong></span> <span class='ocrx_word' id='word_1_358' title='bbox 709 3073 789 3142; x_wconf 74' lang='lat' dir='ltr'><strong><em>frnpi</em></strong></span> <span class='ocrx_word' id='word_1_359' title='bbox 801 3087 907 3126; x_wconf 86' lang='lat' dir='ltr'><strong><em>serrum</em></strong></span> <span class='ocrx_word' id='word_1_360' title='bbox 920 3085 975 3125; x_wconf 89' lang='lat' dir='ltr'><strong><em>esse</em></strong></span> <span class='ocrx_word' id='word_1_361' title='bbox 986 3070 1136 3138; x_wconf 75' lang='lat' dir='ltr'><strong><em>fortemque</em></strong></span> <span class='ocrx_word' id='word_1_362' title='bbox 1150 3070 1197 3136; x_wconf 73' lang='lat' dir='ltr'><strong><em>(cf.</em></strong></span> <span class='ocrx_word' id='word_1_363' title='bbox 1213 3086 1237 3125; x_wconf 83' lang='lat' dir='ltr'><strong><em>e.</em></strong></span> <span class='ocrx_word' id='word_1_364' title='bbox 1248 3076 1309 3138; x_wconf 84' lang='lat'><strong><em>591,</em></strong></span> 
     </span>
     <span class='ocr_line' id='line_1_35' title="bbox 166 3150 608 3220; baseline 0.002 -15"><span class='ocrx_word' id='word_1_365' title='bbox 166 3151 330 3206; x_wconf 70' lang='lat' dir='ltr'><strong><em>lineretur</em></strong></span> <span class='ocrx_word' id='word_1_366' title='bbox 350 3150 501 3219; x_wconf 73' lang='lat' dir='ltr'><strong><em>similesque</em></strong></span> <span class='ocrx_word' id='word_1_367' title='bbox 519 3152 608 3220; x_wconf 87' lang='lat' dir='ltr'><strong><em>locas).</em></strong></span> 
     </span>
    </p>

    <p class='ocr_par' dir='ltr' id='par_1_7' title="bbox 164 3228 1312 3538">
     <span class='ocr_line' id='line_1_36' title="bbox 256 3228 1309 3300; baseline -0.001 -16"><span class='ocrx_word' id='word_1_368' title='bbox 256 3236 332 3284; x_wconf 75' lang='lat'><strong><em>1044.</em></strong></span> <span class='ocrx_word' id='word_1_369' title='bbox 365 3229 438 3282; x_wconf 78' lang='lat' dir='ltr'><strong><em>Nam</em></strong></span> <span class='ocrx_word' id='word_1_370' title='bbox 464 3230 547 3284; x_wconf 86' lang='lat' dir='ltr'><strong><em>herus</em></strong></span> <span class='ocrx_word' id='word_1_371' title='bbox 575 3248 620 3285; x_wconf 87' lang='lat' dir='ltr'><strong><em>me</em></strong></span> <span class='ocrx_word' id='word_1_372' title='bbox 647 3234 796 3300; x_wconf 77' lang='lat' dir='ltr'><strong><em>postquam</em></strong></span> <span class='ocrx_word' id='word_1_373' title='bbox 818 3228 897 3284; x_wconf 81' lang='lat' dir='ltr'><strong><em>misit</em></strong></span> <span class='ocrx_word' id='word_1_374' title='bbox 918 3246 979 3298; x_wconf 86' lang='lat' dir='ltr'><strong><em>rus,</em></strong></span> <span class='ocrx_word' id='word_1_375' title='bbox 1002 3231 1034 3282; x_wconf 85' lang='lat' dir='ltr'><strong><em>ut</em></strong></span> <span class='ocrx_word' id='word_1_376' title='bbox 1057 3228 1244 3299; x_wconf 61' lang='grc'><em>0291218.-</em></span> <span class='ocrx_word' id='word_1_377' title='bbox 1269 3231 1309 3295; x_wconf 74' lang='lat' dir='ltr'><strong><em>Cf.</em></strong></span> 
     </span>
     <span class='ocr_line' id='line_1_37' title="bbox 171 3309 1312 3382; baseline 0 -19"><span class='ocrx_word' id='word_1_378' title='bbox 171 3310 453 3377; x_wconf 73' lang='lat' dir='ltr'><strong><em>Woelfflr&#39;nnsrircltii</em></strong></span> <span class='ocrx_word' id='word_1_379' title='bbox 468 3309 555 3362; x_wconf 85' lang='lat' dir='ltr'><strong><em>VIII</em></strong></span> <span class='ocrx_word' id='word_1_380' title='bbox 562 3327 592 3378; x_wconf 90' lang='lat' dir='ltr'><strong><em>p.</em></strong></span> <span class='ocrx_word' id='word_1_381' title='bbox 608 3313 663 3366; x_wconf 81' lang='grc'><strong><em>279</em></strong></span> <span class='ocrx_word' id='word_1_382' title='bbox 678 3327 715 3380; x_wconf 77' lang='lat' dir='ltr'><strong><em>sq.</em></strong></span> <span class='ocrx_word' id='word_1_383' title='bbox 746 3310 868 3382; x_wconf 77' lang='lat' dir='ltr'><strong><em>(lapitari</em></strong></span> <span class='ocrx_word' id='word_1_384' title='bbox 885 3314 971 3379; x_wconf 89' lang='lat' dir='ltr'><strong><em>potest</em></strong></span> <span class='ocrx_word' id='word_1_385' title='bbox 989 3309 1022 3363; x_wconf 82' lang='lat' dir='ltr'><strong><em>cle</em></strong></span> <span class='ocrx_word' id='word_1_386' title='bbox 1039 3311 1072 3362; x_wconf 89' lang='lat' dir='ltr'><strong><em>ut</em></strong></span> <span class='ocrx_word' id='word_1_387' title='bbox 1089 3310 1205 3365; x_wconf 60' lang='lat' dir='ltr'><strong><em>munda</em></strong></span> <span class='ocrx_word' id='word_1_388' title='bbox 1219 3312 1312 3379; x_wconf 83' lang='lat' dir='ltr'><strong><em>potius</em></strong></span> 
     </span>
     <span class='ocr_line' id='line_1_38' title="bbox 164 3387 1312 3460; baseline -0.002 -14"><span class='ocrx_word' id='word_1_389' title='bbox 164 3408 246 3460; x_wconf 75' lang='lat' dir='ltr'><strong><em>pesam</em></strong></span> <span class='ocrx_word' id='word_1_390' title='bbox 264 3390 476 3458; x_wconf 78' lang='lat' dir='ltr'><strong><em>transponenda,</em></strong></span> <span class='ocrx_word' id='word_1_391' title='bbox 494 3391 520 3443; x_wconf 82' lang='lat' dir='ltr'><strong><em>si</em></strong></span> <span class='ocrx_word' id='word_1_392' title='bbox 538 3406 676 3445; x_wconf 81' lang='lat' dir='ltr'><strong><em>arcessere</em></strong></span> <span class='ocrx_word' id='word_1_393' title='bbox 695 3392 868 3445; x_wconf 80' lang='lat' dir='ltr'><strong><em>restituimus.</em></strong></span> <span class='ocrx_word' id='word_1_394' title='bbox 886 3419 918 3429; x_wconf 94' lang='lat'><em>-</em></span> <span class='ocrx_word' id='word_1_395' title='bbox 933 3387 988 3443; x_wconf 76' lang='lat' dir='ltr'><strong><em>Ae.</em></strong></span> <span class='ocrx_word' id='word_1_396' title='bbox 1004 3390 1312 3455; x_wconf 77' lang='lat' dir='ltr'><strong><em>a.1045cf..ibralsam</em></strong></span> 
     </span>
     <span class='ocr_line' id='line_1_39' title="bbox 165 3469 970 3538; baseline -0.005 -12"><span class='ocrx_word' id='word_1_397' title='bbox 165 3471 244 3526; x_wconf 82' lang='lat' dir='ltr'><strong><em>Sturi.</em></strong></span> <span class='ocrx_word' id='word_1_398' title='bbox 264 3470 307 3524; x_wconf 87' lang='lat' dir='ltr'><strong><em>Pl.</em></strong></span> <span class='ocrx_word' id='word_1_399' title='bbox 324 3487 353 3538; x_wconf 90' lang='lat' dir='ltr'><strong><em>p.</em></strong></span> <span class='ocrx_word' id='word_1_400' title='bbox 368 3474 425 3524; x_wconf 83' lang='grc'><strong><em>239</em></strong></span> <span class='ocrx_word' id='word_1_401' title='bbox 445 3474 469 3524; x_wconf 88' lang='lat' dir='ltr'><strong><em>et</em></strong></span> <span class='ocrx_word' id='word_1_402' title='bbox 488 3469 649 3525; x_wconf 81' lang='lat' dir='ltr'><strong><em>Slrutscltius</em></strong></span> <span class='ocrx_word' id='word_1_403' title='bbox 668 3469 806 3526; x_wconf 74' lang='lat' dir='ltr'><strong><em>‘Farscls’</em></strong></span> <span class='ocrx_word' id='word_1_404' title='bbox 827 3471 848 3523; x_wconf 95' lang='lat' dir='ltr'><strong><em>I</em></strong></span> <span class='ocrx_word' id='word_1_405' title='bbox 859 3487 889 3538; x_wconf 92' lang='lat' dir='ltr'><strong><em>p.</em></strong></span> <span class='ocrx_word' id='word_1_406' title='bbox 905 3474 970 3525; x_wconf 84' lang='grc'><em>129.</em></span> 
     </span>
    </p>

    <p class='ocr_par' dir='ltr' id='par_1_8' title="bbox 165 3548 1312 4006">
     <span class='ocr_line' id='line_1_40' title="bbox 255 3548 1312 3619; baseline 0 -16"><span class='ocrx_word' id='word_1_407' title='bbox 255 3556 332 3605; x_wconf 82' lang='grc'><strong><em>1046,</em></strong></span> <span class='ocrx_word' id='word_1_408' title='bbox 357 3548 467 3604; x_wconf 86' lang='lat' dir='ltr'><strong><em>Ostium</em></strong></span> <span class='ocrx_word' id='word_1_409' title='bbox 481 3594 487 3605; x_wconf 95' lang='lat'><strong><em>.</em></strong></span> <span class='ocrx_word' id='word_1_410' title='bbox 499 3594 506 3605; x_wconf 87' lang='lat'><strong><em>.</em></strong></span> <span class='ocrx_word' id='word_1_411' title='bbox 518 3593 524 3605; x_wconf 94' lang='lat'><strong><em>.</em></strong></span> <span class='ocrx_word' id='word_1_412' title='bbox 536 3596 542 3606; x_wconf 89' lang='lat'><strong><em>.</em></strong></span> <span class='ocrx_word' id='word_1_413' title='bbox 553 3551 597 3603; x_wconf 87' lang='lat' dir='ltr'><strong><em>est</em></strong></span> <span class='ocrx_word' id='word_1_414' title='bbox 613 3567 665 3619; x_wconf 91' lang='lat' dir='ltr'><strong><em>pro</em></strong></span> <span class='ocrx_word' id='word_1_415' title='bbox 679 3551 837 3619; x_wconf 80' lang='lat' dir='ltr'><strong><em>parenthesi</em></strong></span> <span class='ocrx_word' id='word_1_416' title='bbox 854 3550 969 3604; x_wconf 84' lang='lat' dir='ltr'><strong><em>babebat</em></strong></span> <span class='ocrx_word' id='word_1_417' title='bbox 989 3550 1114 3604; x_wconf 78' lang='lat' dir='ltr'><strong><em>Bathins.</em></strong></span> <span class='ocrx_word' id='word_1_418' title='bbox 1130 3579 1163 3589; x_wconf 85' lang='lat'>—</span> <span class='ocrx_word' id='word_1_419' title='bbox 1184 3550 1216 3604; x_wconf 88' lang='lat' dir='ltr'><strong><em>in</em></strong></span> <span class='ocrx_word' id='word_1_420' title='bbox 1234 3550 1312 3619; x_wconf 77' lang='lat' dir='ltr'><strong><em>angi·</em></strong></span> 
     </span>
     <span class='ocr_line' id='line_1_41' title="bbox 166 3627 1312 3700; baseline -0.002 -13"><span class='ocrx_word' id='word_1_421' title='bbox 166 3633 281 3700; x_wconf 82' lang='lat' dir='ltr'><strong><em>portast,</em></strong></span> <span class='ocrx_word' id='word_1_422' title='bbox 301 3628 360 3684; x_wconf 88' lang='lat' dir='ltr'><strong><em>sius</em></strong></span> <span class='ocrx_word' id='word_1_423' title='bbox 378 3627 417 3697; x_wconf 69' lang='grc' dir='ltr'><strong><em>Ἠ,</em></strong></span> <span class='ocrx_word' id='word_1_424' title='bbox 436 3631 553 3685; x_wconf 77' lang='lat' dir='ltr'><strong><em>addens:</em></strong></span> <span class='ocrx_word' id='word_1_425' title='bbox 573 3629 665 3685; x_wconf 83' lang='lat' dir='ltr'><strong><em>‘horti</em></strong></span> <span class='ocrx_word' id='word_1_426' title='bbox 685 3631 751 3685; x_wconf 86' lang='lat' dir='ltr'><strong><em>libri</em></strong></span> <span class='ocrx_word' id='word_1_427' title='bbox 769 3646 888 3699; x_wconf 84' lang='lat' dir='ltr'><strong><em>eprasa</em></strong></span> <span class='ocrx_word' id='word_1_428' title='bbox 906 3630 1138 3699; x_wconf 86' lang='lat' dir='ltr'><strong><em>interpretatione.</em></strong></span> <span class='ocrx_word' id='word_1_429' title='bbox 1170 3631 1255 3685; x_wconf 80' lang='lat' dir='ltr'><strong><em>ernl</em></strong></span> <span class='ocrx_word' id='word_1_430' title='bbox 1272 3631 1312 3685; x_wconf 86' lang='lat' dir='ltr'><strong><em>rel</em></strong></span> 
     </span>
     <span class='ocr_line' id='line_1_42' title="bbox 165 3708 1312 3780; baseline 0.002 -15"><span class='ocrx_word' id='word_1_431' title='bbox 165 3712 320 3767; x_wconf 85' lang='lat' dir='ltr'><strong><em>Lambinus</em></strong></span> <span class='ocrx_word' id='word_1_432' title='bbox 337 3711 377 3764; x_wconf 86' lang='lat' dir='ltr'><strong><em>aei</em></strong></span> <span class='ocrx_word' id='word_1_433' title='bbox 396 3711 543 3765; x_wconf 81' lang='lat' dir='ltr'><strong><em>Acidalius</em></strong></span> <span class='ocrx_word' id='word_1_434' title='bbox 556 3712 740 3780; x_wconf 78' lang='lat' dir='ltr'><strong><em>profecerunt.</em></strong></span> <span class='ocrx_word' id='word_1_435' title='bbox 777 3708 858 3776; x_wconf 87' lang='lat' dir='ltr'><strong><em>foris,</em></strong></span> <span class='ocrx_word' id='word_1_436' title='bbox 881 3711 928 3765; x_wconf 79' lang='lat' dir='ltr'><strong><em>sed</em></strong></span> <span class='ocrx_word' id='word_1_437' title='bbox 953 3710 1161 3779; x_wconf 73' lang='lat' dir='ltr'><strong><em>adverbialiter,</em></strong></span> <span class='ocrx_word' id='word_1_438' title='bbox 1185 3712 1312 3767; x_wconf 80' lang='lat' dir='ltr'><strong><em>Gamera-</em></strong></span> 
     </span>
     <span class='ocr_line' id='line_1_43' title="bbox 165 3789 1312 3860; baseline 0.001 -16"><span class='ocrx_word' id='word_1_439' title='bbox 165 3791 245 3846; x_wconf 84' lang='lat' dir='ltr'><strong><em>rr‘us’.</em></strong></span> <span class='ocrx_word' id='word_1_440' title='bbox 280 3791 322 3856; x_wconf 82' lang='lat' dir='ltr'><strong><em>Of.</em></strong></span> <span class='ocrx_word' id='word_1_441' title='bbox 341 3790 524 3845; x_wconf 80' lang='lat' dir='ltr'><strong><em>Doederlinns</em></strong></span> <span class='ocrx_word' id='word_1_442' title='bbox 548 3792 580 3844; x_wconf 83' lang='lat' dir='ltr'><strong><em>de</em></strong></span> <span class='ocrx_word' id='word_1_443' title='bbox 605 3792 709 3860; x_wconf 74' lang='lat' dir='ltr'><strong><em>etymol.</em></strong></span> <span class='ocrx_word' id='word_1_444' title='bbox 729 3794 753 3845; x_wconf 91' lang='lat' dir='ltr'><strong><em>et</em></strong></span> <span class='ocrx_word' id='word_1_445' title='bbox 770 3806 866 3860; x_wconf 81' lang='lat' dir='ltr'><strong><em>synon.</em></strong></span> <span class='ocrx_word' id='word_1_446' title='bbox 886 3789 948 3845; x_wconf 86' lang='lat' dir='ltr'><strong><em>Lat.</em></strong></span> <span class='ocrx_word' id='word_1_447' title='bbox 965 3790 992 3843; x_wconf 88' lang='lat' dir='ltr'><strong><em>V</em></strong></span> <span class='ocrx_word' id='word_1_448' title='bbox 1003 3808 1034 3860; x_wconf 91' lang='lat' dir='ltr'><strong><em>p.</em></strong></span> <span class='ocrx_word' id='word_1_449' title='bbox 1049 3795 1112 3846; x_wconf 77' lang='grc'><em>214.</em></span> <span class='ocrx_word' id='word_1_450' title='bbox 1151 3790 1229 3846; x_wconf 85' lang='lat' dir='ltr'><strong><em>horti</em></strong></span> <span class='ocrx_word' id='word_1_451' title='bbox 1252 3809 1312 3847; x_wconf 78' lang='lat' dir='ltr'><strong><em>cum</em></strong></span> 
     </span>
     <span class='ocr_line' id='line_1_44' title="bbox 166 3870 1312 3941; baseline 0.003 -17"><span class='ocrx_word' id='word_1_452' title='bbox 166 3871 274 3925; x_wconf 86' lang='lat' dir='ltr'><strong><em>Ostium</em></strong></span> <span class='ocrx_word' id='word_1_453' title='bbox 294 3872 468 3925; x_wconf 84' lang='lat' dir='ltr'><strong><em>coniunctum</em></strong></span> <span class='ocrx_word' id='word_1_454' title='bbox 486 3887 543 3924; x_wconf 87' lang='lat' dir='ltr'><strong><em>nan</em></strong></span> <span class='ocrx_word' id='word_1_455' title='bbox 559 3871 642 3939; x_wconf 86' lang='lat' dir='ltr'><strong><em>plane</em></strong></span> <span class='ocrx_word' id='word_1_456' title='bbox 661 3871 797 3939; x_wconf 83' lang='lat' dir='ltr'><strong><em>improbat</em></strong></span> <span class='ocrx_word' id='word_1_457' title='bbox 814 3870 973 3941; x_wconf 77' lang='lat' dir='ltr'><strong><em>Seyffertns,</em></strong></span> <span class='ocrx_word' id='word_1_458' title='bbox 991 3871 1051 3924; x_wconf 90' lang='lat' dir='ltr'><strong><em>eius</em></strong></span> <span class='ocrx_word' id='word_1_459' title='bbox 1069 3871 1122 3938; x_wconf 86' lang='lat' dir='ltr'><strong><em>(ael</em></strong></span> <span class='ocrx_word' id='word_1_460' title='bbox 1135 3870 1175 3940; x_wconf 88' lang='lat' dir='ltr'><strong><em>si)</em></strong></span> <span class='ocrx_word' id='word_1_461' title='bbox 1194 3888 1250 3927; x_wconf 83' lang='lat' dir='ltr'><strong><em>narr</em></strong></span> <span class='ocrx_word' id='word_1_462' title='bbox 1269 3873 1312 3927; x_wconf 83' lang='lat' dir='ltr'><strong><em>de·</em></strong></span> 
     </span>
     <span class='ocr_line' id='line_1_45' title="bbox 165 3949 1055 4006; baseline -0.001 -2"><span class='ocrx_word' id='word_1_463' title='bbox 165 3952 284 4006; x_wconf 79' lang='lat' dir='ltr'><strong><em>siclerari</em></strong></span> <span class='ocrx_word' id='word_1_464' title='bbox 301 3956 389 4004; x_wconf 88' lang='lat' dir='ltr'><strong><em>manet</em></strong></span> <span class='ocrx_word' id='word_1_465' title='bbox 407 3949 539 4004; x_wconf 84' lang='lat' dir='ltr'><strong><em>Goctrr&#39;us.</em></strong></span> <span class='ocrx_word' id='word_1_466' title='bbox 1052 3991 1055 3997; x_wconf 90' lang='lat'><strong><em>.</em></strong></span> 
     </span>
    </p>

    <p class='ocr_par' dir='ltr' id='par_1_9' title="bbox 167 4030 1312 4181">
     <span class='ocr_line' id='line_1_46' title="bbox 256 4030 1312 4103; baseline 0.006 -21"><span class='ocrx_word' id='word_1_467' title='bbox 256 4035 332 4084; x_wconf 80' lang='grc'><strong><em>1047.</em></strong></span> <span class='ocrx_word' id='word_1_468' title='bbox 366 4046 531 4099; x_wconf 80' lang='lat' dir='ltr'><strong><em>qus—qus</em></strong></span> <span class='ocrx_word' id='word_1_469' title='bbox 551 4046 603 4098; x_wconf 89' lang='lat' dir='ltr'><strong><em>pro</em></strong></span> <span class='ocrx_word' id='word_1_470' title='bbox 627 4032 698 4084; x_wconf 85' lang='lat' dir='ltr'><strong><em>et-</em></strong></span> <span class='ocrx_word' id='word_1_471' title='bbox 711 4034 740 4085; x_wconf 90' lang='lat' dir='ltr'><strong><em>et</em></strong></span> <span class='ocrx_word' id='word_1_472' title='bbox 758 4030 908 4086; x_wconf 83' lang='lat' dir='ltr'><strong><em>Muellerus</em></strong></span> <span class='ocrx_word' id='word_1_473' title='bbox 926 4048 957 4100; x_wconf 88' lang='lat' dir='ltr'><strong><em>p.</em></strong></span> <span class='ocrx_word' id='word_1_474' title='bbox 972 4035 1027 4086; x_wconf 77' lang='lat'><strong><em>564</em></strong></span> <span class='ocrx_word' id='word_1_475' title='bbox 1050 4030 1227 4103; x_wconf 75' lang='lat' dir='ltr'><strong><em>Kaeler&#39;usque</em></strong></span> <span class='ocrx_word' id='word_1_476' title='bbox 1249 4034 1312 4088; x_wconf 79' lang='lat' dir='ltr'><strong><em>Ere.</em></strong></span> 
     </span>
     <span class='ocr_line' id='line_1_47' title="bbox 167 4110 1096 4181; baseline 0.004 -20"><span class='ocrx_word' id='word_1_477' title='bbox 167 4110 208 4163; x_wconf 87' lang='lat' dir='ltr'><strong><em>Pl.</em></strong></span> <span class='ocrx_word' id='word_1_478' title='bbox 225 4128 253 4178; x_wconf 85' lang='lat' dir='ltr'><strong><em>p.</em></strong></span> <span class='ocrx_word' id='word_1_479' title='bbox 274 4110 323 4161; x_wconf 87' lang='lat' dir='ltr'><strong><em>IX</em></strong></span> <span class='ocrx_word' id='word_1_480' title='bbox 340 4113 409 4162; x_wconf 86' lang='lat' dir='ltr'><strong><em>recte</em></strong></span> <span class='ocrx_word' id='word_1_481' title='bbox 427 4111 552 4163; x_wconf 81' lang='lat' dir='ltr'><strong><em>reiciente</em></strong></span> <span class='ocrx_word' id='word_1_482' title='bbox 568 4110 681 4164; x_wconf 74' lang='lat' dir='ltr'><strong><em>Klotzio</em></strong></span> <span class='ocrx_word' id='word_1_483' title='bbox 696 4128 724 4179; x_wconf 89' lang='lat' dir='ltr'><strong><em>p.</em></strong></span> <span class='ocrx_word' id='word_1_484' title='bbox 742 4114 796 4164; x_wconf 85' lang='lat'><strong><em>152</em></strong></span> <span class='ocrx_word' id='word_1_485' title='bbox 816 4113 862 4181; x_wconf 80' lang='lat' dir='ltr'><strong><em>(cs.</em></strong></span> <span class='ocrx_word' id='word_1_486' title='bbox 881 4113 918 4167; x_wconf 84' lang='lat' dir='ltr'><strong><em>nel</em></strong></span> <span class='ocrx_word' id='word_1_487' title='bbox 937 4112 1025 4166; x_wconf 76' lang='lat' dir='ltr'><strong><em>Pers.²</em></strong></span> <span class='ocrx_word' id='word_1_488' title='bbox 1040 4114 1096 4179; x_wconf 82' lang='grc'><strong><em>67).</em></strong></span> 
     </span>
    </p>

    <p class='ocr_par' dir='ltr' id='par_1_10' title="bbox 166 4187 1312 4500">
     <span class='ocr_line' id='line_1_48' title="bbox 256 4187 1311 4259; baseline 0.008 -18"><span class='ocrx_word' id='word_1_489' title='bbox 256 4193 331 4241; x_wconf 78' lang='grc'><em>1050.</em></span> <span class='ocrx_word' id='word_1_490' title='bbox 357 4187 445 4252; x_wconf 83' lang='lat' dir='ltr'><strong><em>Quem</em></strong></span> <span class='ocrx_word' id='word_1_491' title='bbox 462 4205 548 4257; x_wconf 86' lang='lat' dir='ltr'><strong><em>quum</em></strong></span> <span class='ocrx_word' id='word_1_492' title='bbox 566 4189 666 4242; x_wconf 82' lang='lat' dir='ltr'><strong><em>uocaui</em></strong></span> <span class='ocrx_word' id='word_1_493' title='bbox 681 4189 807 4259; x_wconf 76' lang='lat' dir='ltr'><strong><em>Pylades.</em></strong></span> <span class='ocrx_word' id='word_1_494' title='bbox 835 4188 923 4253; x_wconf 84' lang='lat' dir='ltr'><strong><em>Quem</em></strong></span> <span class='ocrx_word' id='word_1_495' title='bbox 937 4207 999 4246; x_wconf 87' lang='lat' dir='ltr'><strong><em>cum</em></strong></span> <span class='ocrx_word' id='word_1_496' title='bbox 1015 4192 1171 4246; x_wconf 84' lang='lat' dir='ltr'><strong><em>conuocsui</em></strong></span> <span class='ocrx_word' id='word_1_497' title='bbox 1187 4194 1311 4249; x_wconf 77' lang='lat' dir='ltr'><strong><em>(lamera-</em></strong></span> 
     </span>
     <span class='ocr_line' id='line_1_49' title="bbox 168 4267 1312 4344; baseline 0.008 -25"><span class='ocrx_word' id='word_1_498' title='bbox 168 4270 233 4321; x_wconf 81' lang='lat' dir='ltr'><strong><em>rins.</em></strong></span> <span class='ocrx_word' id='word_1_499' title='bbox 262 4269 350 4332; x_wconf 75' lang='lat' dir='ltr'><strong><em>Quom</em></strong></span> <span class='ocrx_word' id='word_1_500' title='bbox 370 4284 432 4320; x_wconf 86' lang='lat' dir='ltr'><strong><em>eum</em></strong></span> <span class='ocrx_word' id='word_1_501' title='bbox 452 4267 606 4322; x_wconf 82' lang='lat' dir='ltr'><strong><em>conuocaui</em></strong></span> <span class='ocrx_word' id='word_1_502' title='bbox 624 4269 661 4322; x_wconf 72' lang='lat' dir='ltr'><strong><em>st.</em></strong></span> <span class='ocrx_word' id='word_1_503' title='bbox 691 4269 733 4337; x_wconf 81' lang='lat' dir='ltr'><strong><em>Cf.</em></strong></span> <span class='ocrx_word' id='word_1_504' title='bbox 752 4270 921 4326; x_wconf 84' lang='lat' dir='ltr'><strong><em>Luebbertus</em></strong></span> <span class='ocrx_word' id='word_1_505' title='bbox 940 4271 1019 4326; x_wconf 76' lang='lat' dir='ltr'><strong><em>Stat.</em></strong></span> <span class='ocrx_word' id='word_1_506' title='bbox 1037 4288 1152 4339; x_wconf 76' lang='lat' dir='ltr'><strong><em>pramm.</em></strong></span> <span class='ocrx_word' id='word_1_507' title='bbox 1173 4274 1212 4327; x_wconf 95' lang='grc' dir='ltr'><strong><em>ΙΙ</em></strong></span> <span class='ocrx_word' id='word_1_508' title='bbox 1222 4291 1252 4344; x_wconf 86' lang='lat' dir='ltr'><strong><em>p.</em></strong></span> <span class='ocrx_word' id='word_1_509' title='bbox 1268 4282 1312 4330; x_wconf 80' lang='grc'><strong><em>60.</em></strong></span> 
     </span>
     <span class='ocr_line' id='line_1_50' title="bbox 166 4344 1312 4422; baseline 0.007 -23"><span class='ocrx_word' id='word_1_510' title='bbox 166 4350 230 4399; x_wconf 86' lang='grc'><em>221.</em></span> <span class='ocrx_word' id='word_1_511' title='bbox 243 4378 274 4385; x_wconf 97' lang='grc'><strong>-</strong></span> <span class='ocrx_word' id='word_1_512' title='bbox 292 4349 374 4414; x_wconf 86' lang='lat' dir='ltr'><strong><em>atque</em></strong></span> <span class='ocrx_word' id='word_1_513' title='bbox 389 4344 432 4398; x_wconf 90' lang='lat' dir='ltr'><strong><em>illi</em></strong></span> <span class='ocrx_word' id='word_1_514' title='bbox 449 4366 477 4400; x_wconf 84' lang='lat' dir='ltr'><strong><em>se</em></strong></span> <span class='ocrx_word' id='word_1_515' title='bbox 492 4347 744 4406; x_wconf 77' lang='lat' dir='ltr'><strong><em>Sannenselrcr&#39;nins.</em></strong></span> <span class='ocrx_word' id='word_1_516' title='bbox 775 4349 866 4404; x_wconf 82' lang='lat' dir='ltr'><strong><em>eccilli</em></strong></span> <span class='ocrx_word' id='word_1_517' title='bbox 880 4367 924 4405; x_wconf 90' lang='lat' dir='ltr'><strong><em>me</em></strong></span> <span class='ocrx_word' id='word_1_518' title='bbox 944 4350 1312 4422; x_wconf 71' lang='lat' dir='ltr'><strong><em>GeppertusTrin.¹p.140.</em></strong></span> 
     </span>
     <span class='ocr_line' id='line_1_51' title="bbox 169 4424 1110 4500; baseline 0.006 -22"><span class='ocrx_word' id='word_1_519' title='bbox 169 4424 209 4490; x_wconf 73' lang='lat' dir='ltr'><strong><em>Gt.</em></strong></span> <span class='ocrx_word' id='word_1_520' title='bbox 224 4432 286 4493; x_wconf 86' lang='lat' dir='ltr'><strong><em>post</em></strong></span> <span class='ocrx_word' id='word_1_521' title='bbox 309 4427 484 4492; x_wconf 83' lang='lat' dir='ltr'><strong><em>I’almerinm,</em></strong></span> <span class='ocrx_word' id='word_1_522' title='bbox 504 4429 573 4482; x_wconf 86' lang='lat' dir='ltr'><strong><em>aliae</em></strong></span> <span class='ocrx_word' id='word_1_523' title='bbox 591 4430 689 4484; x_wconf 83' lang='lat' dir='ltr'><strong><em>Baiias</em></strong></span> <span class='ocrx_word' id='word_1_524' title='bbox 707 4431 740 4486; x_wconf 79' lang='lat' dir='ltr'><strong><em>ele</em></strong></span> <span class='ocrx_word' id='word_1_525' title='bbox 755 4432 856 4498; x_wconf 83' lang='lat' dir='ltr'><strong><em>partie.</em></strong></span> <span class='ocrx_word' id='word_1_526' title='bbox 875 4432 963 4500; x_wconf 82' lang='lat' dir='ltr'><strong><em>copul.</em></strong></span> <span class='ocrx_word' id='word_1_527' title='bbox 977 4447 1007 4499; x_wconf 90' lang='lat' dir='ltr'><strong><em>p.</em></strong></span> <span class='ocrx_word' id='word_1_528' title='bbox 1023 4433 1060 4484; x_wconf 77' lang='grc'><strong><em>12</em></strong></span> <span class='ocrx_word' id='word_1_529' title='bbox 1072 4446 1110 4500; x_wconf 74' lang='lat' dir='ltr'><strong><em>sq.</em></strong></span> 
     </span>
    </p>
   </div>
   <div class='ocr_carea' id='block_1_4' title="bbox 0 0 1479 5062">
    <p class='ocr_par' dir='ltr' id='par_1_11' title="bbox 0 0 1479 5062">
     <span class='ocr_line' id='line_1_52' title="bbox 0 0 1479 5062; baseline 0 0"><span class='ocrx_word' id='word_1_530' title='bbox 0 0 1479 5062; x_wconf 95' lang='lat' dir='ltr'><strong><em> </em></strong></span> 
     </span>
    </p>
   </div>
  </div>
 </body>
</html>
