2910 5528
59 722 201 774 666-666
540 715 725 771 61666611
1144 713 1207 776 193

150 884 211 935 666.
239 879 284 934 De
303 879 370 933 6666
388 879 430 934 vel
447 877 541 934 666666
558 895 610 948 pro
629 877 710 932 66666
728 877 851 946 66966666
869 876 1016 931 6666666666
1033 891 1138 931 vertum
1154 876 1208 930 6666

58 960 203 1016 6666666666.
233 958 340 1014 ‘Reue-
362 960 408 1014 eed
430 963 463 1013 ut
479 976 514 1014 ue
533 959 578 1013 tu'e
596 960 704 1028 quidem
722 959 756 1012 ab
775 958 835 1026 ipro
848 963 934 1025 poeta
957 957 1090 1025 seriptum
1107 961 1208 1026 putem,

58 1040 105 1095 666
122 1039 239 1094 aliunde
256 1040 374 1108 petitum
392 1044 418 1094 et
435 1055 465 1094 6ο
483 1039 597 1093 oonsilio
619 1038 769 1106 6666666666
787 1037 860 1106 quod
878 1036 1017 1105 1666666666
1034 1042 1053 1092 6.
1074 1037 1096 1089 Ι
1108 1052 1137 1104 p.
1153 1038 1208 1090 300

59 1120 178 1193 [Opuee.
193 1119 264 1189 6666.
285 1119 329 1172 11
341 1135 372 1187 p.
385 1119 457 1189 664]
475 1124 718 1187 persecuturum.
743 1117 884 1185 Praepeni
901 1118 992 1172 666666
1011 1120 1067 1171 665
1086 1115 1208 1185 66666966

59 1201 175 1256 6666660
196 1199 234 1255 B.
273 1197 315 1266 Os.
334 1199 372 1254 66
389 1215 413 1254 6.
429 1203 484 1255 609
502 1204 528 1254 66
544 1199 616 1254 udde
633 1198 797 1266 Luuqeuum
815 1195 894 1251 stud.
913 1196 957 1251 Ρ6,
974 1212 1002 1265 ρ.
1018 1199 1082 1251 336.

149 1294 212 1343 666.
244 1285 292 1343 dei
314 1287 421 1342 ducunt
444 1288 551 1357 ‘prisea
576 1286 758 1356 exemplaria’
784 1286 841 1340 Pu.
874 1285 920 1339 dei
943 1284 1053 1340 dietant
1076 1284 1207 1354 Scatiyer.

60 1369 206 1424 deducunt
228 1369 265 1437 (et
289 1364 433 1436 Quaeque)
451 1366 577 1423 Bothtue.
611 1367 675 1420 dein
696 1365 734 1419 sit
752 1368 787 1434 (et
804 1383 878 1420 6666
895 1364 924 1419 id
943 1367 1048 1420 eertum
1069 1367 1113 1420 666
1126 1380 1209 1434 prae·

57 1454 137 1505 666666
151 1449 261 1504 certum
274 1451 318 1502 666
332 1447 441 1517 196666)
460 1448 611 1502 1166666666
624 1448 747 1516 itemque,
764 1446 811 1501 6666
825 1445 926 1499 dehine
944 1444 1047 1512 dicum,
1059 1444 1089 1499 66
1109 1444 1207 1514 ‘quau-

59 1546 143 1600 qrmr
160 1529 250 1598 666966
267 1529 349 1583 etium
366 1527 417 1583 666
428 1542 484 1597 pro
502 1526 595 1580 dicam
610 1528 781 1596 placiturum
798 1526 850 1580 sit’
871 1525 1027 1595 obloquente
1044 1524 1152 1580 1666666
1177 1526 1210 1578 in

60 1609 182 1664 86666666.
202 1607 282 1663 seua.
303 1606 345 1662 ΙΙ
358 1623 389 1676 p.
404 1610 469 1662 363.
501 1606 530 1661 di
552 1605 673 1660 iniciunt
696 1608 731 1673 (et
753 1605 783 1659 id
806 1603 876 1659 mihi
899 1605 1044 1673 certumst)
1067 1603 1210 1674 Kayserue

61 1691 79 1744 6.
96 1704 119 1743 6.
137 1704 161 1744 6.
174 1705 206 1759 p.
221 1690 279 1744 466
302 1693 327 1741 66
349 1690 412 1743 346.
449 1687 515 1741 dein
539 1687 589 1740 666
611 1686 763 1755 7666696666.
801 1684 951 1740 dicendum
978 1687 1014 1754 (et
1040 1683 1207 1753 Quidquert)

60 1766 317 1824 Semerueber‘ur‘ur.
354 1768 399 1822 666
420 1767 545 1821 futurum
569 1765 717 1836 Seyffertue
741 1766 758 1819 l.
778 1781 797 1820 6.
816 1782 837 1821 6,
854 1782 884 1834 p.
900 1770 963 1820 995.
1006 1764 1102 1819 Verbis
1128 1761 1209 1828 Quie-

61 1848 129 1918 quid
153 1846 200 1901 dei
224 1846 322 1900 dicunt
345 1848 389 1917 (iu
410 1863 464 1916 6666
486 1848 649 1918 6666666606
672 1845 866 1914 3666666666,
887 1845 941 1899 atii
963 1845 1006 1899 666
1024 1845 1209 1913 profecerunt)

60 1929 171 1985 uum
187 1927 343 1998 6666666666
360 1928 446 1983 666666
464 1928 600 1982 ominetur
618 1944 637 1981 6
654 1926 795 1980 mendacio
814 1924 942 1980 deterreri
958 1940 1072 1977 6666666.

136 2009 215 2071 ’666
238 2018 414 2070 commentus
432 2017 485 2082 des.
503 2016 617 2071 0666666
635 2015 652 2069 6.
666 2031 687 2069 6.
702 2031 723 2068 6.
734 2033 764 2083 p.
779 2018 826 2070 21.
853 2013 901 2068 Aa
918 2029 942 2066 6.
958 2016 1010 2066 666
1024 2012 1059 2079 es.
1074 2011 1211 2066 luctetur

62 2099 95 2153 666
112 2096 233 2154 audem.
252 2094 332 2151 sue.
351 2095 374 2150 Ι
382 2112 413 2166 p.
428 2101 465 2152 61
485 2102 511 2150 et
529 2094 660 2149 Kleteiur
673 2111 705 2164 p.
720 2097 786 2150 638.
806 2096 871 2149 645.

153 2191 214 2240 661.
248 2183 291 2252 Os.
313 2184 434 2240 Beierur
457 2185 474 2238 6.
493 2200 513 2239 6.
533 2200 554 2238 6.
576 2200 604 2253 p.
620 2187 665 2237 65.
683 2186 719 2236 89
741 2181 905 2252 0666666666
925 2197 953 2250 p.
968 2184 1005 2235 64
1023 2186 1048 2234 et
1066 2180 1127 2235 vide
1149 2184 1212 2248 poet

62 2265 281 2330 Hotemuuuum,
300 2264 337 2318 66.
356 2264 509 2319 1666666666
528 2263 545 2317 6.
565 2278 626 2318 66.
646 2261 686 2315 ΙΙ
697 2279 726 2331 p.
741 2265 806 2317 600.

153 2359 215 2409 666.
246 2351 325 2408 Bono
348 2353 377 2407 in
400 2352 463 2407 1666
493 2355 528 2421 (66
549 2350 601 2406 Tu
626 2351 766 2406 Perbono:
790 2349 887 2419 immo)
912 2349 1074 2419 6166669666
1096 2347 1210 2403 666666.

62 2434 104 2488 11
115 2451 148 2505 p.
164 2438 208 2488 11.
240 2431 314 2486 8666
335 2432 364 2486 in
388 2433 452 2487 1666
477 2432 630 2501 6766666666,
649 2460 683 2470 -
709 2430 834 2499 perbono
857 2428 951 2504 <666>
976 2428 1157 2484 Camerarius⁸
1179 2459 1210 2467 -

62 2513 225 2584 peroptimo
254 2512 311 2568 eod.
336 2512 526 2582 6666666966,
554 2511 680 2582 Pylades.
718 2510 825 2565 7606666
852 2510 1037 2565 6666666ῑί666
1064 2509 1143 2565 suu.
1167 2508 1212 2564 Pl.

62 2612 89 2663 ρ.
104 2599 146 2649 22
166 2592 260 2664 [668]
277 2609 331 2663 666.
365 2589 570 2647 Oeterum'Non
584 2635 591 2648 .
603 2635 627 2646 ..
642 2591 784 2660 perbono?
808 2592 869 2644 66666.
890 2590 1041 2660 Seyffertus
1058 2590 1123 2644 olim
1128 2629 1139 2657 ,
1155 2590 1213 2643 iam

64 2673 128 2727 Non
143 2714 186 2728 ...
201 2671 334 2741 perbono.
350 2672 517 2740 praeferens.

154 2766 216 2815 665.
249 2760 366 2813 euocato
392 2758 519 2829 Pylades.
553 2759 707 2814 euoeadum
733 2758 864 2828 Guyetue.
894 2758 1084 2824 0611666666
1105 2777 1136 2827 p.
1152 2761 1212 2811 134.

64 2845 134 2907 168,
153 2841 191 2894 66.
224 2839 268 2893 De
285 2838 321 2893 ud
340 2841 369 2893 66
391 2840 501 2894 dubitat
525 2840 677 2894 Muellerus
695 2844 726 2908 p.
745 2844 801 2893 498
814 2856 867 2907 eq„
891 2845 1003 2907 praeter
1025 2855 1088 2893 6666.
1121 2838 1214 2892 166666

64 2936 154 2974 66666
173 2919 249 2972 intus
268 2919 304 2972 ad
322 2919 370 2972 ted
389 2918 514 2987 aliquem
532 2921 572 2973 666
590 2920 665 2973 intus
685 2919 721 2973 ad
739 2918 788 2972 ted
807 2935 895 2973 66666
913 2918 1045 2985 aliquem.

155 3014 207 3063 666
221 3025 259 3078 eq.
292 3007 365 3062 Ecce
384 3009 477 3062 666666
498 3007 592 3063 interii
617 3008 762 3076 Veriuyiue
779 3007 952 3077 Buterusque
966 3008 1211 3076 6156666666·

64 3091 216 3161 6606666666
231 3089 332 3142 iterum
350 3105 384 3142 66
401 3104 426 3142 v.
442 3092 493 3141 676
508 3089 623 3157 petitum
637 3104 691 3143 6666
708 3088 768 3155 (ubi
787 3086 862 3142 idem
878 3104 932 3156 pro
949 3104 1034 3140 unum
1047 3087 1215 3141 Lambinus:
1296 3111 1298 3117 ·

64 3186 122 3224 666
139 3169 255 3236 offendit
268 3168 410 3222 Bentleiue
428 3169 460 3220 iu
474 3168 584 3222 Pherm.
599 3168 618 3219 1
623 3167 650 3221 V
661 3172 687 3232 4,
701 3173 733 3222 8.·
752 3169 787 3235 cs.
803 3168 939 3238 Berekiue
955 3167 1052 3238 opusc.
1069 3168 1090 3219 1
1100 3184 1128 3236 p.
1142 3169 1213 3236 116).

157 3262 218 3312 668.
240 3256 339 3312 Totum
356 3273 381 3312 6.
400 3258 489 3311 666666
504 3273 583 3325 poree
601 3257 751 3311 adnotabat
769 3256 923 3326 7666696666,
940 3258 989 3325 qut
1007 3258 1139 3311 nemiuem
1157 3258 1214 3309 iam

65 3339 183 3405 offendet
196 3338 376 3407 permisce
393 3337 421 3389 A
440 3341 516 3390 etex
538 3353 591 3390 usu
608 3337 739 3391 66666666
763 3338 808 3404 (ef.
828 3337 977 3408 Seyffertue
998 3338 1036 3391 ud
1054 3335 1129 3391 Pers.
1151 3337 1213 3404 144)

64 3418 185 3488 66966666.
215 3417 262 3470 Aa
278 3433 302 3471 6.
319 3421 370 3470 669
390 3416 425 3482 ef.
441 3416 560 3470 Beierue
576 3433 605 3484 p.
620 3419 680 3471 144.

157 3502 218 3551 660.
251 3497 320 3550 heus
343 3497 374 3549 66
401 3495 602 3551 6666666666
622 3497 789 3566 6066666666
811 3514 872 3551 eum
894 3496 995 3552 866666
1015 3497 1044 3549 'fl
1068 3496 1159 3566 (66666
1181 3513 1216 3550 ee

67 3578 157 3647 666666)
174 3577 310 3645 probante
327 3576 455 3632 16666666
474 3578 506 3630 iu
524 3575 644 3630 Studem.
663 3576 741 3631 stud.
763 3578 783 3629 I
797 3595 826 3646 p.
843 3581 897 3632 568
910 3594 948 3646 sq.
977 3577 1047 3632 Moe
1070 3576 1161 3631 uelint
1179 3593 1216 3629 66

67 3658 111 3726 (ef.
131 3658 172 3726 A)
189 3656 307 3710 Bothiue
325 3673 386 3711 eum
407 3655 522 3727 Guyeto.

156 3743 219 3792 686.
238 3738 403 3807 percontare
422 3751 489 3805 ergo
506 3735 635 3805 0666666.
664 3736 896 3803 percontaredum
912 3738 1038 3791 Bothius.
1065 3736 1216 3804 0601666-

68 3821 139 3874 66666
154 3834 186 3887 p.
201 3820 257 3871 533
274 3817 355 3871 etad
373 3832 435 3870 6666
454 3819 557 3884 (rogus)
577 3815 714 3885 Berekiue
734 3816 845 3872 ‘Beier'
866 3818 888 3870 I
898 3836 928 3887 p.
943 3823 987 3872 49.

157 3911 218 3961 686.
244 3903 375 3979 (meet)
394 3922 456 3960 meu
475 3904 728 3960 Sonuerueteiuiur.
747 3935 778 3945 -
797 3908 829 3960 66
848 3906 970 3976 undique
984 3905 1023 3973 66,
1040 3910 1135 3972 postea
1149 3920 1214 3956 666-

68 3989 151 4057 dique
175 3987 294 4042 suadem
319 3985 416 4054 Opust.
432 3986 501 4055 phil.
521 3986 582 4038 III
597 4003 625 4054 p.
640 3988 695 4039 142
720 3985 764 4053 (ef.
784 3987 921 4054 1666966666
948 3985 1057 4040 ‘Beue’
1080 3985 1102 4036 I
1121 4001 1148 4051 6,
1165 3985 1218 4035 119

67 4069 154 4136 adu).
185 4066 228 4133 Of.
248 4065 401 4121 Lorenuiue
422 4066 522 4120 Philet.
543 4065 637 4118 XXX
651 4084 680 4134 p.
696 4071 752 4120 585
771 4061 799 4119 et
814 4066 944 4120 Klottius
958 4084 988 4134 p.
1004 4070 1068 4130 169,
1087 4066 1122 4117 αἱ.

159 4160 221 4210 666.
254 4153 344 4224 Euge,
368 4155 482 4225 optume
507 4169 603 4208 eccum
626 4154 680 4208 huc
703 4154 740 4207 66.
769 4154 800 4209 Ε.
820 4171 845 4209 6.
869 4169 933 4208 6666
957 4171 1019 4206 eum
1044 4151 1217 4207 8666660666

67 4238 150 4292 Stud.
172 4235 218 4289 Ρ6,
235 4252 265 4304 p.
279 4240 318 4290 88
336 4235 434 4306 [694].
464 4234 551 4304 Euge,
571 4251 667 4288 eccum
686 4237 800 4303 optume
815 4234 1063 4288 866666666666666
1081 4232 1218 4297 refutante

68 4317 202 4386 Seyfferto
226 4333 294 4370 6666.
318 4332 345 4384 p.
361 4319 424 4370 996.
458 4315 535 4382 Euge
560 4317 674 4383 optume
698 4313 758 4383 ipse
778 4330 873 4367 eccum
893 4314 1018 4367 8666666
1045 4315 1076 4366 in
1099 4311 1217 4365 Studem.

67 4394 210 4452 666611
226 4413 253 4463 p.
269 4399 332 4449 408.
366 4393 408 4460 Of.
432 4395 562 4449 Kloteius
581 4412 610 4462 p.
628 4399 689 4448 106.
712 4400 767 4449 108
796 4401 820 4448 et
847 4395 908 4448 uide
926 4397 989 4463 poet
1014 4391 1218 4445 Fleekeieeuum

67 4475 176 4530 6666666.
198 4475 294 4544 philol.
315 4475 338 4529 0
345 4475 410 4529 VII
424 4493 454 4543 p.
470 4479 525 4529 503
548 4479 572 4528 66
598 4475 763 4543 6669666666
790 4476 827 4528 ad
855 4474 951 4527 146666.
977 4477 1033 4526 669
1060 4471 1219 4526 Richterum

67 4560 100 4611 r'rr
123 4555 246 4610 86666666.
266 4555 345 4610 Seue.
368 4556 390 4608 1
404 4573 434 4624 p.
450 4559 513 4612 517.
533 4559 595 4610 522.
617 4585 648 4595 —
673 4553 798 4608 dominus
825 4552 937 4607 aedium
961 4552 1091 4623 Pylade&
1116 4552 1217 4606 vitiose.

67 4639 146 4692 Dein
165 4653 199 4691 66
220 4635 351 4704 Geppertr'
369 4637 521 4690 6666666666
540 4636 697 4690 6666666666
716 4635 835 4689 Β666666
849 4652 879 4703 p.
895 4638 956 4687 143.

160 4720 222 4771 689.
242 4716 309 4770 dum
323 4732 378 4785 pro
396 4718 457 4769 tum
475 4717 607 4771 6666666666
621 4716 685 4768 iude
699 4733 717 4768 a
733 4714 914 4768 Taubmuuno
929 4729 1013 4782 usque
1027 4712 1065 4766 ad
1079 4712 1217 4767 Bothium.

67 4800 116 4855 Ad
135 4799 213 4852 hunc
231 4799 267 4862 ef.
283 4796 415 4852 Halmius
435 4797 478 4852 ‘de
492 4797 562 4851 verb.
582 4813 642 4850 666
658 4810 783 4863 praepos.
803 4810 914 4864 compos.
933 4794 1010 4863 apud
1028 4799 1077 4846 vet.
1098 4792 1130 4846 R.
1148 4797 1219 4860 poet.

123 4898 222 4937 anr
235 4897 411 4937 116666666666
976 4888 1006 4936 13
