2910 5528
152 327 214 390 148
623 323 807 378 APPENDIX
955 336 958 344 ·
1149 326 1262 376 esa-cu

157 486 308 553 Vesiuqius,
327 485 391 538 alii:
410 489 438 537 al
458 485 492 548 cs.
507 482 651 536 Richterus
664 483 696 535 iu
710 481 828 536 Studem.
844 481 921 535 Stud
938 482 959 534 Ι
967 498 999 549 p.
1014 484 1079 536 523.
1093 511 1120 520 -
1132 483 1267 545 exonutua

151 582 202 619 om.
222 582 266 632 es,
284 565 336 629 des.
359 564 472 617 Olseuus
486 580 515 631 p.
537 566 580 616 30.
614 565 727 615 ornatus
748 560 842 626 Valla,
861 560 1029 624 Saraoeuus,
1048 561 1107 616 alii.

243 649 302 697 463.
321 642 406 696 Tiara
424 645 502 696 tuum
520 641 616 710 lepida
635 640 727 710 lepide
748 641 861 695 decorat
880 641 994 694 schema
1015 640 1169 694 Puluerius
1183 658 1210 710 p.
1222 644 1271 694 751.

151 724 236 777 'l'isra
254 727 285 776 ut
303 721 425 790 lepidam
446 718 538 789 lepide
558 719 727 774 condecorat
746 721 886 775 schemam
902 720 1053 775 Acidalius
1071 717 1274 789 recipientem

151 805 217 856 aliis
236 803 272 855 13.
310 801 450 855 theatrum
475 799 599 869 lepidum
623 798 718 868 lepida
741 799 908 855 condecorat
931 800 1047 854 schema
1071 799 1202 854 uuum
1218 798 1276 853 Nan.

152 885 209 938 leet.
224 881 282 934 III
295 886 339 934 18.
358 879 456 934 Tiarae
476 881 604 932 ornatum
624 879 720 947 lepida
734 879 901 933 condecorat
915 879 1030 933 schema
1044 880 1174 949 Lr'psius:
1191 885 1235 934 aul
1246 880 1279 931 ste

151 969 201 1016 aut
218 960 302 1015 Tiara
320 962 448 1014 ornatum
468 959 486 1012 l.
506 976 528 1012 c.
549 976 570 1013 s.
586 959 743 1029 Seyffertus.
770 958 921 1014 Theatrum
941 959 1037 1028 lepida
1056 958 1223 1014 condecoras
1238 959 1280 1011 tua

151 1041 264 1095 schema
286 1040 444 1093 Torrentius
462 1040 499 1092 ud
518 1039 627 1092 Sueten.
650 1037 737 1092 Titler.
758 1056 779 1093 c.
799 1044 842 1093 43.
862 1037 1001 1110 (basilice)
1017 1037 1115 1093 Tiarai
1153 1039 1280 1092 theatrum

151 1120 245 1189 lepida
263 1119 430 1173 condecoras
445 1117 711 1172 schemaKlocIriur.
729 1116 812 1172 'I'iara
825 1119 953 1172 umatum
969 1120 1001 1171 ut
1015 1117 1113 1187 lepida
1126 1117 1282 1172 condecorat

150 1201 263 1254 schema
283 1198 433 1266 l'ssiuuius.
460 1197 605 1251 Tiaratum
625 1199 707 1252 latere
724 1201 756 1252 iu
774 1199 916 1253 theatrum
930 1199 1078 1253 admodum
1086 1199 1229 1268 probatde
1240 1202 1283 1252 ut:

151 1280 250 1333 iamsi
269 1281 300 1331 ut
318 1280 368 1344 (te)
388 1279 515 1332 addimus
533 1295 552 1330 u
567 1279 702 1346 plerisque
725 1283 794 1332 recle
813 1284 927 1349 propter
943 1279 1086 1348 aequantia
1103 1279 1283 1347 asturiarum

151 1374 244 1412 cereus
261 1363 354 1427 sponte
372 1359 534 1411 restituitur.
555 1360 683 1411 ornatum
704 1359 752 1427 qui
768 1364 877 1412 suvant
890 1359 1034 1428 nequeunt
1048 1358 1121 1412 hauc
1134 1373 1220 1412 eoem
1232 1373 1283 1411 aru

152 1444 229 1490 tuum
255 1438 416 1506 interpolato
439 1439 480 1491 ila
505 1438 656 1504 cohaerere,
683 1443 715 1491 ut
741 1439 814 1493 uocis
842 1440 956 1492 schema
983 1442 1111 1507 apertum
1132 1439 1282 1506 murata

150 1523 268 1570 ruentum
286 1517 330 1570 sit.

239 1602 300 1650 466.
320 1596 411 1649 satine
434 1595 564 1649 meditati
589 1596 656 1650 estis
676 1596 713 1650 B.
746 1597 820 1650 satin
842 1615 892 1652 uos
917 1597 1047 1651 meditati
1071 1596 1142 1652 estis
1161 1596 1281 1664 luendi}

151 1676 213 1730 lius
228 1694 257 1745 p.
278 1681 321 1730 34.
341 1675 415 1729 satin
434 1675 510 1730 intua
530 1676 659 1729 meditati
678 1677 845 1731 Schraderus
864 1679 896 1732 dc
914 1689 967 1728 -ΝΕ
979 1679 1081 1747 partic.
1099 1694 1123 1746 p
1145 1680 1181 1731 34
1193 1675 1281 1747 [383],

152 1773 272 1823 puuerae
294 1754 369 1809 intuta
393 1757 451 1809 coll.
477 1756 553 1810 Meu.
572 1759 637 1811 218.
657 1760 719 1810 352.
745 1756 808 1810 Mil.
829 1760 901 1811 1256
927 1757 1074 1823 &secedens
1100 1757 1185 1826 (quoa
1204 1771 1236 1809 ne
1254 1771 1280 1808 er

151 1837 237 1903 Epid.
257 1841 311 1891 477
336 1837 444 1905 quidem
471 1842 539 1891 recte
566 1836 737 1904 deseruerat).
777 1834 831 1890 Sed
860 1836 933 1890 satin
961 1835 1035 1889 dolis
1063 1835 1194 1889 meditati
1221 1834 1279 1901 (coll.

154 1915 237 1984 Epiri.
257 1917 324 1984 375)
343 1914 383 1970 S.

240 2001 300 2050 467.
320 1995 379 2049 illie
398 1994 528 2048 adsistite
547 1994 644 2064 procul
660 1993 689 2048 in
705 1996 869 2065 conspectus
885 1994 1049 2049 Gronovius.
1062 2024 1094 2034 —
1110 1993 1141 2048 V.
1151 1997 1276 2048 toa-ul

152 2077 211 2131 secl.
237 2075 381 2144 Vssiuyius
404 2075 462 2129 coll.
487 2091 511 2129 a.
532 2079 634 2143 727sq.
660 2077 695 2140 (el
719 2074 761 2128 Ibi
785 2075 838 2130 erit
859 2076 990 2144 duditant
1009 2075 1047 2145 [u.
1062 2075 1095 2146 i]
1117 2080 1142 2128 et
1159 2076 1218 2128 tace
1234 2089 1276 2127 nou

151 2161 218 2209 recle
241 2156 395 2224 iutelleyeus
418 2160 443 2208 et
466 2155 545 2220 finito
572 2155 628 2220 sere
655 2155 789 2224 colloquio
815 2155 921 2209 demum
940 2155 1055 2223 prodire
1077 2154 1275 2223 Sauaru'stiaueu

151 2237 279 2303 nicusus).

240 2321 300 2370 469.
315 2314 344 2367 id
359 2330 504 2369 excurrens
517 2314 633 2379 sortasse
647 2315 767 2368 cohaeret
781 2330 903 2384 cunilago
914 2330 969 2384 pro
982 2312 1089 2383 agite.-
1103 2313 1137 2379 cs.
1150 2312 1225 2366 Teuc.
1234 2313 1275 2363 454

152 2395 254 2463 (praef.
270 2412 300 2463 p.
316 2394 417 2461 XVI).
446 2392 477 2445 Id
497 2392 550 2445 erit
569 2410 629 2447 curu
647 2394 674 2446 B
693 2394 722 2446 u
742 2395 809 2448 ‘uisa'
822 2396 916 2463 polius
935 2393 977 2447 Ibi
996 2391 1051 2447 erit
1068 2393 1180 2461 seipso
1187 2389 1274 2461 poda':

152 2476 187 2541 cs.
206 2476 244 2528 cul
261 2492 285 2529 a.
301 2479 363 2529 467.
380 2503 410 2512 -
432 2488 486 2525 non
506 2471 582 2541 agite
601 2489 652 2526 uos
671 2473 823 2527 Seruariue.
847 2491 920 2526 nunc
938 2473 1044 2541 egerite
1064 2488 1115 2527 uos
1133 2472 1249 2526 Bottius.

241 2561 300 2609 471.
321 2554 349 2607 in
369 2553 414 2607 die
433 2552 553 2606 Brixiae
571 2553 676 2606 Auual.
692 2554 760 2620 plez.
783 2552 826 2608 01
840 2571 868 2621 p.
889 2556 952 2618 777,
970 2554 1087 2619 sortasse
1104 2557 1184 2606 recte:
1202 2550 1232 2615 ef.
1248 2547 1275 2602 ad

156 2637 230 2688 Men.
251 2639 315 2689 836.
353 2634 442 2686 Errat
461 2632 620 2686 Braudtius
639 2633 713 2686 Mus.
733 2632 820 2686 Rieu.
840 2631 984 2686 XXXIV
995 2650 1026 2701 p.
1045 2636 1100 2686 581
1119 2631 1183 2685 adu.

243 2719 302 2768 472.
324 2712 367 2766 lta
386 2728 449 2765 mee
468 2710 572 2765 ancilla
590 2727 650 2764 cum
669 2712 770 2766 Ballio
788 2712 940 2780 Bririoque
959 2712 1010 2781 Qu.
1026 2727 1104 2781 pros.
1119 2729 1150 2780 p.
1164 2715 1202 2766 23
1210 2707 1274 2778 rull

152 2794 208 2859 (eui
223 2793 389 2860 praeferrem
409 2791 452 2844 lta
472 2809 533 2844 mea
551 2808 623 2858 quac
643 2790 697 2844 luit
711 2790 795 2845 hodie
810 2792 936 2858 ancilla).·
956 2796 985 2844 nl
999 2793 1034 2856 cf.
1051 2792 1202 2845 Muellerus
1214 2791 1273 2845 Pru.

152 2890 181 2940 p.
193 2877 217 2925 5.
228 2876 283 2925 458
297 2878 321 2924 et
332 2871 434 2924 ‘Zseliu
446 2873 465 2936 s.
478 2871 622 2941 Gymuu!
636 2871 717 2924 XXI
727 2889 756 2940 p.
769 2876 833 2938 558,
846 2871 1007 2939 Speuyrlius
1023 2871 1108 2937 ‘Refi'
1117 2889 1147 2940 p.
1159 2877 1208 2925 143
1217 2871 1274 2927 adu,

154 2951 280 3003 Kloteiue
296 2967 325 3018 p.
348 2956 390 3003 711.
410 2955 473 3003 261.
504 2950 546 3003 De
564 2950 645 3004 farrea
662 2967 713 3018 pro
733 2951 837 3004 ancilla
855 2951 996 3005 scribendo
1015 2952 1154 3019 coyilcrtut
1171 2950 1274 3004 Butae.

243 3037 302 3083 473.
322 3028 425 3082 Panem
445 3030 528 3083 hodie
548 3030 669 3084 alienum
685 3032 836 3085 Muellerus
851 3031 988 3084 ‘Nuclrtu’
1007 3035 1109 3099 2133
1129 3031 1238 3100 (alioqui
1251 3027 1274 3079 de

153 3109 245 3162 alieno
271 3112 433 3178 expectans).
463 3109 519 3162 lam
546 3127 645 3178 panem
666 3109 788 3164 alienum
806 3107 838 3165 Β
858 3109 953 3176 (hodie
971 3127 1005 3164 eu
1023 3127 1047 3163 u.
1067 3114 1131 3165 471.
1150 3114 1212 3165 472.
1229 3110 1273 3161 151.

152 3195 206 3242 1715
225 3194 362 3259 repeteres).
391 3190 511 3243 Ceterum
531 3191 565 3254 cs.
581 3189 731 3259 Lanyeuus
749 3190 826 3244 Slud.
847 3190 891 3244 Pl.
907 3193 991 3258 1262
1010 3197 1035 3244 et
1052 3206 1117 3244 mox
1136 3191 1174 3244 ad
1191 3189 1273 3241 Sumne

151 3270 206 3323 Leo
224 3270 344 3324 Hermae
366 3269 486 3324 XVIII
498 3285 528 3338 p.
550 3273 611 3322 575.

240 3355 299 3402 476.
319 3349 356 3403 Et
380 3351 411 3402 ut
435 3365 486 3418 ego
506 3349 656 3403 Muellerus
677 3348 815 3403 ‘Nudum'
834 3366 862 3417 p.
884 3353 938 3403 138
959 3365 1012 3417 pro
1036 3348 1091 3404 Sed
1115 3352 1147 3403 ut
1170 3352 1219 3417 (etl
1235 3362 1273 3415 ego

151 3431 209 3495 (ubi
223 3433 252 3483 et
267 3431 322 3484 iam
337 3430 455 3484 Weiss'us
469 3430 540 3495 del).
560 3427 639 3482 Satin
658 3446 710 3498 ego
729 3431 764 3497 (et
784 3427 937 3497 benignus?
957 3430 989 3481 ut
1007 3431 1072 3498 ego)
1092 3428 1132 3483 m.
1146 3461 1175 3468 -
1194 3429 1221 3480 V.
1234 3429 1271 3479 411

151 3511 188 3562 ud
210 3510 322 3578 prosum
346 3510 380 3575 ef.
407 3506 436 3558 a
459 3510 565 3577 Protea.
588 3507 664 3563 Triu.
682 3526 711 3576 p.
732 3507 813 3572 017,
838 3507 935 3576 Opusc.
956 3509 1025 3575 phul.
1047 3510 1089 3561 II
1108 3527 1138 3577 p.
1159 3513 1208 3562 544
1225 3507 1273 3560 ndu.

153 3621 181 3627 --
209 3590 240 3646 V.
260 3595 312 3643 478
332 3590 433 3658 nequi
453 3588 480 3641 in
500 3588 560 3641 iure
580 3588 618 3640 mi
637 3586 789 3641 abiuraaait
807 3588 932 3642 Boldiua.

240 3674 300 3725 480.
327 3669 493 3722 ‘trasennam
518 3674 549 3721 ul
572 3668 673 3722 Bacch.
694 3671 758 3722 792.
788 3666 863 3721 Rud.
883 3666 975 3733 IVr,
996 3671 1043 3721 13:
1072 3668 1187 3733 fortasse
1211 3667 1273 3721 uias

149 3750 249 3802 rectius
268 3749 440 3802 trasfennam
458 3749 496 3800 B’
519 3750 554 3802 'It
592 3746 633 3812 Os.
653 3748 773 3801 Baierus
789 3765 817 3815 p.
837 3753 881 3802 99.
899 3778 928 3786 —
950 3745 1083 3800 inducam
1104 3742 1273 3809 Greueeull

150 3832 293 3894 (nouom
313 3846 346 3882 eu
364 3830 392 3883 A
410 3832 510 3882 uolans
529 3828 677 3895 eorriyeule
698 3825 851 3896 Gepperto).

239 3914 298 3960 481.
321 3909 391 3961 ‘I'ro
411 3909 506 3975 Itaque
525 3906 590 3960 huic
610 3909 699 3962 nescio
717 3926 754 3960 au
765 3913 848 3974 poeto
862 3907 954 3974 Atque
969 3906 1033 3960 huic
1047 3906 1106 3961 iam
1120 3905 1228 3961 dedeul’
1241 3898 1272 3952 'st‘

150 3991 177 4036 ul
193 3987 227 4050 cf.
240 3988 376 4054 Berytius
388 3988 484 4056 Opusc.
495 3989 517 4041 I
522 4005 551 4055 p.
563 3992 616 4040 159
627 3988 703 4053 ndu,
718 3987 870 4041 Lorenrius
883 3988 921 4040 ad
934 3986 1033 4040 Pseud.
1043 3985 1234 4056 1237112547,
1244 3981 1270 4034 al.

239 4072 337 4134 482sq.
359 4066 432 4131 Quid
452 4068 531 4135 agis?
557 4068 570 4123 l
580 4066 684 4138 (Tibi)
703 4067 785 4120 credo
806 4066 1006 4121 Fleckeisenus.
1026 4096 1060 4105 -
1084 4065 1166 4119 Vnde
1183 4063 1271 4134 agise
1318 4080 1320 4105 ³

150 4160 222 4195 nunc
247 4145 372 4213 Iffulades.
410 4146 505 4201 Cunde
536 4147 596 4215 agis
620 4148 648 4200 to
673 4146 701 4199 lt
726 4145 824 4215 Opuse.
846 4147 916 4214 plu'l.
938 4147 998 4198 III
1019 4164 1048 4215 p.
1071 4150 1130 4199 143.
1170 4146 1208 4198 Ile
1226 4139 1270 4207 Ego

151 4229 213 4274 auu
233 4224 314 4277 eredo
334 4224 386 4277 tibi
406 4228 534 4281 addendo
555 4226 708 4279 Muellerus
726 4229 827 4295 eoyitat
845 4225 922 4280 Pras.
938 4242 969 4294 p.
985 4228 1051 4290 632,
1070 4226 1116 4280 sed
1134 4227 1235 4279 lueres
1247 4220 1269 4270 il

149 4305 290 4356 sententia.
331 4305 371 4368 Cf.
393 4305 521 4359 KIotaius
540 4323 569 4374 p.
590 4310 733 4360 113116,
757 4336 786 4346 -
807 4305 859 4359 tibi
873 4309 883 4373 fl
897 4307 950 4359 T0.
968 4305 1002 4358 Di
1028 4304 1098 4359 dent
1120 4299 1268 4373 quaerelis

149 4378 200 4431 eho
222 4380 409 4447 cerneremus,
429 4382 471 4437 Il:
495 4392 523 4438 nt
547 4387 582 4451 ef.
603 4386 725 4440 Hiuaius
748 4387 781 4441 de
805 4386 1005 4454 repertun.
1025 4386 1077 4438 IX
1094 4384 1267 4456 Seytl'ertaaaul
