2910 5528
148 389 289 443 XXXVIII
618 385 822 442 PRAEFATIO

117 598 126 612 .
149 575 228 617 mus.
257 552 400 616 Tertium
416 551 557 615 eiusdem
573 551 699 634 generis
714 572 832 614 nomen
845 572 903 635 per
919 551 1077 616 librorum
1101 552 1284 616 memoriam

82 724 95 748 ,
149 659 267 723 dudum
290 658 472 722 stabilitum
496 663 643 719 Pnrmser
668 658 786 722 mirum
810 662 860 723 est
882 657 1071 722 Lorenzium
1091 680 1122 741 p.
1141 659 1163 722 2
1186 658 1285 724 dicere

149 786 263 851 graece
287 787 411 847 sonare,
434 764 489 828 sed
513 763 665 849 explicari
685 786 750 829 non
772 787 885 850 posse:
909 786 985 829 nam
1009 764 1217 849 apertissima
1241 771 1286 830 est

150 873 321 957 originatio
337 895 356 936 a
374 867 481 955 φανός
499 875 532 934 et
551 871 722 954 aptissima
741 870 944 956 advorsitori‚
963 893 1027 956 quo
1045 870 1173 937 aceedit
1187 870 1285 938 ‘Lam-

151 977 309 1061 padionis'
334 978 385 1043 vel
410 975 638 1061 ‘Lampadisci'
662 977 848 1043 similitudo.
881 977 956 1044 Non
975 978 1015 1043 de
1038 977 1156 1063 forma,
1179 978 1286 1044 sedda

150 1108 300 1149 mensura
328 1106 417 1148 error
444 1087 513 1146 erat
541 1084 574 1146 in
601 1085 730 1147 nomine
759 1088 1004 1169 eonomine,
1032 1107 1130 1171 quem
1158 1084 1287 1152 maida

149 1192 252 1274 enites,
275 1212 339 1254 non
364 1179 599 1273 Oullidorrrdtes,
624 1189 733 1254 audire
755 1186 878 1273 primus
903 1191 1029 1256 monuit
1050 1190 1202 1259 Crainiua
1225 1192 1286 1277 (ad-

151 1299 234 1363 scita
255 1298 351 1361 etiam
374 1292 554 1380 δαμάτειρα
573 1293 693 1383 forma)
712 1298 744 1360 in
764 1297 834 1361 Aer.
849 1318 958 1383 gymn.
973 1295 1079 1363 Berol.
1092 1296 1156 1363 XX
1174 1321 1205 1384 p.
1218 1300 1288 1383 477,

151 1406 240 1470 cuius
264 1402 458 1468 senteutiam
482 1402 613 1467 iteravit
632 1401 814 1487 Geppertus
837 1424 877 1467 ex
900 1425 1001 1489 eoque
1019 1401 1214 1490 Spengelius
1231 1405 1288 1471 Lo·

151 1511 350 1593 renziusque.
392 1509 537 1592 Denique
560 1508 601 1572 lis
626 1512 676 1573 est
699 1507 737 1571 de
761 1513 918 1571 Drrrsrra
935 1510 1075 1594 nomine,
1099 1534 1196 1596 quem
1222 1533 1288 1576 oum

148 1616 329 1699 exemplum
353 1613 506 1698 praebere
530 1613 670 1678 nominis
698 1607 769 1678 aar’
796 1609 998 1700 ἆντίφρασιν
1026 1614 1145 1704 dieti*)
1172 1616 1290 1702 pe‘rvul·

148 1728 225 1807 gata
244 1744 282 1784 ex
302 1721 432 1787 Donato
453 1721 615 1785 sententia
634 1721 684 1805 sit,
707 1721 827 1785 dudum
847 1719 1070 1788 Sohmiederus
1086 1723 1289 1810 Weisiusque

149 1830 338 1894 dubitarunt
370 1829 407 1892 de
444 1826 507 1892 hoo
543 1847 660 1913 genere
694 1828 937 1912 appellationis,
969 1835 1045 1913 post
1078 1851 1161 1915 quos
1192 1853 1290 1917 nuper

149 1936 340 2021 Spengelius
364 1936 396 1999 in
420 1933 597 2018 appendice
621 1933 661 1998 ad
681 1933 753 1999 Ter.
776 1933 836 1998 Ad.
855 1957 883 1998 v.
899 1935 942 2000 26
961 1958 992 2019 p.
1009 1937 1073 2001 114
1087 1957 1135 2022 sq.
1159 1938 1291 2003 coniecit

151 2049 387 2104 Mrsrnommnn
410 2063 438 2104 v.
451 2041 515 2105 568
544 2062 601 2123 per
623 2041 729 2104 iocum
754 2040 913 2123 appellari
937 2063 956 2105 a
979 2064 1082 2122 servo,
1105 2063 1204 2127 quem
1226 2043 1290 2128 ipse

149 2155 246 2234 poeta
275 2147 528 2231 Plrilarpprddem
554 2147 664 2229 potius
691 2147 917 2211 nominaverit.
959 2147 1048 2224 Quae
1077 2152 1241 2215 sententia
1267 2151 1291 2214 si

150 2278 225 2319 vera
248 2259 307 2336 est,
326 2277 364 2317 ex
388 2274 598 2335 personarum
621 2252 725 2317 indice
747 2253 808 2317 hoo
831 2275 950 2318 nomen
973 2254 1179 2320 eximendum
1203 2257 1273 2322 erit

239 2367 302 2433 ‘Ad
326 2373 491 2432 aetatem
517 2368 674 2432 fabulae
698 2368 803 2452 aliquo
827 2370 923 2433 modo
948 2370 1164 2436 definiendam
1189 2375 1292 2439 nereio

151 2501 192 2541 an
216 2476 402 2542 ratiocinari
425 2475 522 2539 liceat
544 2496 561 2538 e
585 2474 756 2539 Tranionis
781 2477 888 2540 verbis
912 2499 941 2541 v.
959 2478 1039 2543 428:

284 2600 392 2664 Ludos
417 2621 477 2684 ego
501 2599 597 2663 hodie
620 2599 695 2663 uiuo
719 2601 882 2682 praesenti
905 2600 981 2665 huie
1004 2603 1073 2667 seni

284 2706 427 2771 Faciam:
450 2705 535 2789 quod
559 2704 653 2770 oredo
677 2711 805 2770 mortuo
830 2728 1007 2792 numquam
1030 2708 1113 2774 fore:

152 2834 207 2896 ubi
231 2833 324 2914 qaod,
353 2830 384 2894 h.
403 2852 429 2893 e.
453 2831 540 2894 Indos
561 2831 645 2912 fieri,
672 2851 744 2893 eum
772 2831 974 2895 tantumdem
1002 2832 1113 2897 valeat
1141 2839 1239 2920 atque
1265 2837 1295 2901 id

150 2940 244 3022 quod,
267 2959 332 3001 non
356 2944 406 3000 est
430 2958 510 3018 opus
529 2955 604 3017 quos
627 2936 819 3001 accusative.
851 2935 957 3002 Ludos
981 2940 1068 3003 enim
1091 2939 1248 3006 funebres
1269 2943 1293 3006 si

152 3046 247 3110 modo
263 3043 343 3107 satis
361 3042 577 3126 probabiliter
590 3042 624 3105 in
639 3042 882 3126 Prolegomeuis
897 3043 1076 3109 Trinummi
1095 3070 1128 3131 p.
1139 3044 1294 3113 eccm

153 3153 317 3235 disputavi
341 3151 391 3213 bis
410 3153 538 3212 tantum
557 3148 661 3213 factos
682 3170 751 3212 esse
770 3148 872 3213 videri
892 3150 1042 3216 Plautina
1061 3158 1186 3238 aetate,
1205 3154 1294 3220 annis

152 3257 279 3340 quidem
304 3254 505 3319 DXXXVIII
517 3259 557 3318 -et
577 3253 691 3338 DLIV,
714 3277 772 3320 nee
791 3262 865 3321 ante
884 3257 973 3321 illum
995 3281 1117 3324 annum
1137 3266 1212 3326 aeta
1230 3282 1294 3326 esse

154 3362 355 3426 Mostellaria
373 3362 520 3425 credetur
539 3364 571 3422 et
590 3359 692 3424 multo
712 3359 790 3425 adeo
811 3362 1009 3444 probabilius
1028 3362 1115 3429 hune
1134 3387 1207 3432 esse
1225 3367 1293 3431 sub-

154 3473 262 3533 secuta
286 3466 466 3533 videbitur'.

241 3574 331 3640 Haec
363 3572 530 3638 Ritsehelii
560 3572 597 3637 de
628 3578 774 3657 tempore
804 3572 934 3639 fabulae
962 3582 1054 3642 actae
1083 3579 1197 3662 opinio
1227 3601 1292 3644 eum

154 3688 267 3767 suapte
298 3686 415 3745 natura
445 3680 568 3743 ineerta
599 3680 656 3762 sit,
683 3679 757 3762 plus
785 3680 960 3763 profecisse
991 3683 1076 3748 idem
1108 3685 1237 3751 videtur
1263 3686 1293 3749 in

153 3812 291 3873 praeeo
336 3786 548 3871 exemplari
595 3786 795 3869 indagando,
837 3789 922 3870 quod
955 3794 1157 3853 Pnrnnuonrs
1199 3793 1293 3858 fnisse

154 3898 323 3960 ΦΑΣΜΑ
335 3894 465 3977 Parorg.
477 3915 507 3976 p.
516 3893 578 3956 159
587 3913 632 3975 sq.
643 3893 708 3954 272
719 3892 943 3958 adneonieeit.
957 3894 987 3958 N
990 3918 1043 3959 am
1054 3918 1093 3960 ex
1104 3898 1210 3963 tribus
1220 3921 1294 3984 quas

153 4003 301 4065 novimus
321 4001 516 4079 Phasmatis,
540 4021 611 4061 eum
632 3996 813 4081 Theogneti
836 4006 969 4083 propter
991 4000 1211 4089 Φιλαργύρου
1233 4027 1295 4090 pen

241 4264 266 4334 *)
290 4263 381 4317 Nimis
396 4264 554 4331 quaesitum
569 4267 598 4318 et
616 4262 799 4318 artificiosum
814 4270 865 4333 eat,
886 4267 960 4335 quod
975 4268 1127 4323 [rorensius
1143 4278 1200 4340 μθ
1215 4270 1294 4326 etiam

154 4343 378 4412 Theopropidem
398 4360 453 4396 non
477 4344 536 4398 sine
556 4343 648 4399 ironia
667 4347 760 4398 vocari
780 4344 895 4415 conicit,
914 4350 1012 4417 utpote
1031 4350 1081 4417 qui
1099 4350 1218 4406 minimo
1235 4349 1296 4406 θεό·

154 4442 262 4488 opertos
281 4423 326 4475 sit.
345 4422 435 4475 Nemo
455 4424 528 4476 enim
548 4424 576 4477 in
596 4424 707 4478 nomine
727 4442 903 4494 nequaquam
923 4427 1093 4497 infrequenti
1114 4429 1202 4487 talem
1220 4447 1298 4501 argu·

154 4501 222 4555 tiam
242 4502 463 4569 deprehenderit.
