2910 5528
151 336 203 390 XII
615 333 821 391 PRAEFATIO

150 504 202 565 tas
226 500 357 586 linguae
380 500 519 584 latinae,
543 500 745 565 concinnitas
768 521 984 582 numerorum,
1008 499 1187 564 sententiae
1211 492 1296 564 dani·

150 611 213 692 tas,
235 607 433 672 consuetudo
447 605 607 672 Plautina.
654 606 799 684 Quorum
818 628 974 692 generum
991 607 1117 670 nullum
1141 611 1193 670 est
1215 607 1294 690 quin

151 714 186 779 in
216 736 254 779 eo
284 713 385 778 nimia
417 714 578 779 editorum
608 714 768 799 patientia
798 719 965 798 peccatum
1000 713 1043 777 sit
1071 712 1296 778 multifariam.

150 820 196 886 Et
215 820 456 886 consuetudinis
475 820 616 905 quidem,
639 843 702 886 non
723 820 893 905 eloquendi
911 824 1049 904 tantum,
1066 840 1177 884 verum
1196 820 1295 884 etiam

152 927 313 992 sentiendi
332 926 569 1013 cogitandique,
592 931 684 992 tanto
708 927 840 1011 gravius
858 927 893 991 in
916 925 1137 991 emendatione
1161 931 1297 1009 apparet

151 1034 277 1119 pondus
301 1056 383 1113 esse,
412 1039 534 1118 quanto
559 1034 659 1098 latius
688 1034 882 1099 observandi
907 1033 1048 1117 spatium
1072 1033 1296 1117 pernoscendi·

151 1163 212 1226 que
235 1142 363 1226 copiam
386 1141 568 1206 uberiorem
600 1141 767 1224 scriptoris
791 1141 971 1224 amplitudo
995 1140 1135 1223 praebet
1180 1138 1296 1223 Itaque

151 1270 223 1314 oum
247 1250 281 1312 in
303 1249 485 1333 praecipuis
508 1248 684 1313 virtutibus
707 1246 816 1311 Plauti
838 1252 965 1330 praeter
987 1248 1126 1311 alacrem
1150 1246 1295 1330 vigorem

151 1355 331 1420 collaudari
358 1356 491 1420 solitum
522 1356 680 1420 concinna
708 1355 900 1438 simplicitas
924 1355 967 1419 sit
989 1357 1023 1418 et
1045 1354 1149 1418 facilis
1173 1354 1297 1438 perspi·

151 1460 269 1540 cuites,
297 1462 405 1548 magis
433 1463 533 1527 etiam
561 1462 680 1527 mirum
712 1460 812 1526 rideri
841 1461 937 1525 debet
965 1464 1018 1525 tot
1040 1483 1105 1525 non
1129 1459 1224 1524 modo
1248 1461 1296 1523 in-

151 1572 243 1651 eptas
267 1572 300 1633 et
321 1567 457 1652 frigidas
482 1572 515 1632 et
538 1568 691 1652 elumbes,
715 1589 826 1632 verum
850 1567 948 1632 ctiam
973 1567 1089 1632 misere
1112 1566 1238 1631 hiulcas
1262 1569 1296 1631 et

152 1678 268 1758 argute
291 1679 457 1739 contortas
481 1680 514 1740 et
538 1674 679 1739 mirabili
708 1673 906 1739 obscuritate
937 1673 1124 1739 laborantes
1147 1672 1199 1737 vel
1223 1694 1296 1738 sen-

151 1781 271 1845 tentias
298 1781 349 1844 vel
377 1781 613 1846 sententiarum
640 1781 895 1846 constructiones
922 1780 1046 1845 tamdiu
1076 1780 1296 1866 incogitanter

151 1887 306 1951 toleratas
330 1909 409 1953 esse.
454 1886 546 1952 Nihil
564 1909 650 1952 nunc
669 1887 773 1952 dicam
797 1887 836 1952 de
859 1887 962 1971 ipsius
984 1886 1121 1972 legibus.
1135 1907 1296 1972 gramma·

150 1994 240 2078 tices,
263 1994 379 2077 quibus
402 2015 474 2060 cum
495 1995 654 2059 editorum
672 1994 813 2080 ignavia
828 2016 870 2058 an
894 1993 995 2058 libido
1019 1993 1105 2058 haud
1128 2015 1201 2057 raro
1224 1993 1296 2058 illu·

151 2100 239 2184 serit,
261 2101 343 2165 elusi
366 2105 442 2166 sunt
465 2101 542 2185 ipsi:
565 2102 719 2166 metricae
739 2105 846 2166 autem
870 2100 1058 2185 disciplinae
1082 2100 1297 2183 severitatem,

151 2207 279 2291 qualem
299 2207 537 2293 prolegomenis
552 2208 731 2272 Trinummi
751 2207 957 2292 communivi,
979 2229 1045 2272 nou
1064 2229 1196 2291 possum
1216 2208 1295 2291 quin

150 2314 304 2398 profitear
333 2313 450 2379 Militis
482 2314 676 2381 tractatione
709 2337 775 2381 nou
807 2314 904 2380 modo
937 2314 1182 2398 comprobatam
1214 2313 1297 2377 mihi

151 2441 221 2486 esse
245 2424 342 2505 atque
365 2422 605 2505 confirmatam,
628 2422 684 2485 sed
707 2422 818 2505 aliqua
840 2444 879 2485 ex
902 2424 994 2505 parte
1018 2421 1116 2485 etiam
1139 2420 1296 2484 maiorem

151 2528 340 2612 apparuisse
363 2551 459 2611 quam
485 2532 661 2592 statueram
681 2534 765 2593 ante.
811 2525 873 2612 Sic,
896 2532 932 2592 ut
954 2550 1018 2592 uno
1041 2526 1187 2610 exemplo
1213 2531 1298 2610 utar,

54 2694 57 2699 .
151 2655 236 2698 nunc
269 2635 457 2718 permovisse
489 2634 601 2699 videor
632 2634 717 2718 quod
749 2634 951 2698 dubitantius
984 2634 1167 2717 suspicatus
1196 2656 1298 2718 eram,

151 2763 207 2805 our
230 2740 373 2804 Plautini
398 2763 463 2805 non
487 2741 553 2805 sint
575 2740 659 2805 tales
681 2740 819 2806 numeri:

305 2847 357 2911 lbi
380 2849 450 2912 erait
471 2847 616 2912 bilibris
640 2848 784 2932 aqualis
807 2849 854 2912 sic
877 2850 1011 2932 proptdr
1034 2849 1137 2914 cados.

151 2953 277 3037 Quippe
301 2957 514 3038 anapaestum
542 2975 594 3018 ars
622 2955 724 3019 vetuit
751 2953 900 3018 binorum
930 2955 1160 3020 vocabulorum
1184 2977 1298 3021 conso-

151 3060 290 3126 ciatione
327 3061 412 3143 fieri,
444 3083 580 3145 quorum
612 3062 702 3146 prius
735 3062 769 3125 in
803 3061 910 3125 media
947 3062 1095 3125 anacrusi
1132 3062 1297 3128 finiretur:

151 3190 250 3252 eaque
274 3167 455 3254 elegantiae
478 3166 674 3251 observatio,
701 3172 859 3253 quantum
883 3167 1044 3251 intellexi,
1067 3173 1221 3233 constans
1247 3176 1299 3234 est

151 3275 236 3359 apud
268 3274 354 3339 hunc
385 3279 532 3358 poetam,
568 3275 681 3340 rudem
714 3274 837 3340 scilieet
869 3277 902 3339 et
941 3281 1106 3358 expertem
1139 3277 1235 3358 artis,
1269 3278 1298 3342 si

73 3400 77 3408 ·
151 3382 299 3447 audimus
331 3381 411 3446 artis
441 3383 606 3466 expertes,
638 3385 671 3446 et
701 3380 817 3447 misere
847 3381 1129 3465 contortuplicatis
1159 3381 1297 3466 syllabis

151 3489 325 3554 simulacra
343 3488 501 3572 quaedam
521 3510 670 3553 versuum
689 3488 798 3572 potius
817 3510 914 3573 quam
933 3510 1044 3554 versus
1064 3488 1202 3553 edidisse
1222 3511 1297 3555 con·

150 3593 296 3660 tentum?

240 3701 429 3785 ‘Exemplis
444 3723 525 3785 quae
536 3702 678 3766 breviter
688 3701 879 3787 significavi,
894 3702 1106 3786 comprobare
1117 3702 1196 3767 mihi
1211 3725 1299 3769 nunc

151 3812 285 3895 longum
309 3811 367 3894 est,
390 3808 486 3873 facile
510 3808 540 3872 ei
563 3808 617 3892 qui
641 3809 852 3874 annotatione
876 3832 948 3874 mea
968 3810 1176 3894 quantumvis
1200 3832 1299 3893 parca

151 3921 238 3983 recte
262 3920 391 3982 etcum
414 3915 534 3980 iudicio
558 3917 606 3980 uti
630 3915 725 3980 volet.
764 3914 825 3990 Qui
849 3916 977 4000 quidem
1001 3938 1074 3980 cum
1098 3915 1178 3980 illud
1202 3916 1298 3981 facile

151 4024 334 4109 intelleget,
357 4044 422 4087 non
446 4022 604 4087 minorem
628 4044 666 4086 ex
688 4020 793 4087 Milite
817 4045 912 4107 quam
937 4045 953 4087 e
978 4023 1167 4088 Trinummo
1192 4045 1298 4088 emen-

151 4131 228 4193 data
258 4130 397 4192 fructum
426 4129 459 4192 in
483 4128 663 4213 aagendam
687 4129 807 4194 latinae
835 4131 967 4215 linguae
991 4130 1159 4195 scientiam
1184 4130 1300 4193 redun-

151 4234 236 4315 dare,
255 4255 318 4316 quo
339 4237 371 4296 et
384 4233 686 4319 lexicographorurn
702 4239 735 4299 et
754 4226 1039 4321 grammaticorum
1058 4237 1134 4301 libri
1153 4237 1300 4302 multila·

151 4339 233 4402 riam
250 4338 467 4423 emendentur,
486 4341 541 4404 sed
560 4341 621 4407 hoc
640 4365 766 4427 quoque
780 4343 867 4408 haud
887 4365 982 4429 aegre
1002 4345 1064 4409 sibi
1079 4344 1299 4429 persuadebit,

152 4444 238 4509 nihil
261 4467 280 4509 a
305 4468 355 4510 me
384 4446 447 4510 nisi
470 4447 620 4532 religiose
644 4450 813 4532 pensitatis
841 4453 874 4514 et
901 4452 942 4515 ab
967 4453 1053 4516 omui
1077 4455 1169 4535 parte
1194 4453 1299 4517 consi·
