2910 5528
263 356 327 418 210
737 351 921 409 APPENDIX
1269 361 1406 412 soe—ast

269 517 382 571 Versum
400 516 546 571 breuiorem
563 516 684 571 Brieius
705 516 867 582 defendebat
883 514 988 569 Annal.
1003 515 1101 585 philol
1120 515 1236 573 XCIII
1248 534 1280 588 p.
1294 521 1339 574 97.
1366 515 1404 585 Cf.

262 597 402 653 Dernelius
419 598 437 651 l.
455 613 476 651 s.
495 613 516 652 s.
537 598 578 651 II
591 615 622 666 p.
636 600 702 652 299.
739 595 807 651 Vide
822 598 910 666 praef.

352 682 412 731 905.
438 680 508 746 puto
523 694 577 747 pro
596 675 690 746 senno
709 676 832 732 Koebius
849 677 911 731 Em.
931 677 975 732 Pl.
990 695 1020 746 p.
1040 675 1132 733 VIII.
1147 708 1182 719 -
1197 677 1242 745 Cf.
1260 679 1299 734 ail
1316 694 1340 732 o.
1354 681 1406 732 996

264 763 289 812 et
306 758 368 811 iriae
382 758 472 826 praes.
1140 768 1144 774 '

353 842 413 892 996.
447 853 564 905 usquam
584 836 613 890 ll
636 854 698 892 oum
715 836 815 891 Dousa
833 837 957 906 Explan.
978 838 1040 891 III
1057 841 1088 892 3:
1110 838 1185 908 quael
1205 838 1296 893 malui
1316 855 1342 893 o.
1355 842 1405 892 995

263 934 404 988 reponere,
422 934 482 972 cum
500 918 550 971 boo
568 919 625 972 loeo
643 921 744 972 eertum
766 918 803 971 sit
820 921 962 986 utranrque
979 918 1158 973 reserisionem
1181 934 1316 987 umquam
1330 935 1404 987 prar-

265 999 323 1053 bere
345 997 467 1064 (frustra
490 997 629 1063 defensum
651 1014 670 1050 a
688 996 793 1049 Briuio
811 995 915 1051 Auerni.
930 997 1028 1066 philol.
1050 996 1094 1053 CI
1110 1014 1141 1068 p.
1156 1000 1238 1068 779),
1259 997 1310 1075 illo
1329 998 1362 1054 ele
1381 999 1405 1052 I

263 1078 358 1132 saltem
376 1093 433 1131 non
451 1083 564 1132 consui:
582 1094 667 1146 neque
684 1076 784 1145 Amph.
805 1080 885 1131 1036.
913 1075 990 1130 Eun.
1010 1081 1086 1132 1092
1101 1077 1224 1147 probant
1241 1078 1292 1133 bot
1308 1093 1405 1147 quoque

264 1159 321 1212 loeo
339 1173 457 1224 usquam
476 1157 603 1225 subsequi
616 1156 715 1211 debere.
736 1185 770 1195 -
791 1153 916 1208 oblectas
934 1155 1073 1222 &sensum
1092 1174 1111 1211 a
1128 1155 1269 1227 &aligero
1286 1158 1319 1211 in
1338 1156 1403 1211 Fert.

264 1256 288 1293 o.
309 1236 496 1303 ‘ableqmina'.
516 1267 548 1274 -
568 1236 615 1291 Ab
633 1253 657 1291 o.
672 1241 722 1290 907
743 1235 778 1301 es.
798 1235 934 1290 Beckerns
952 1236 983 1290 in
1001 1234 1119 1292 Studem
1139 1236 1221 1292 Stoa.
1242 1238 1264 1291 I
1275 1254 1307 1307 p.
1321 1241 1384 1292 209.

354 1321 414 1370 919.
449 1315 473 1369 si
497 1333 547 1371 om.
572 1333 633 1372 cum
657 1317 736 1370 libris
758 1315 963 1370 Rotblreimerus
985 1316 1018 1370 de
1040 1322 1132 1371 munt.
1151 1317 1255 1372 anau.
1270 1333 1302 1385 p.
1315 1320 1359 1371 13.
1376 1346 1403 1356 -

265 1401 312 1453 Aci
334 1416 358 1452 o.
378 1402 429 1451 911
454 1398 489 1464 of.
514 1395 702 1462 Woelfflinum
727 1396 801 1450 ‘Iat
820 1412 846 1448 u.
866 1394 946 1450 Rom.
966 1393 1103 1465 Compar!
1123 1412 1156 1466 p.
1174 1400 1227 1464 37,
1253 1397 1292 1451 ael
1317 1412 1342 1451 o.
1359 1400 1404 1449 913

265 1477 399 1534 Briuium
416 1476 454 1531 ael
474 1476 539 1530 Mil.
559 1481 598 1530 22
617 1481 641 1529 et
660 1475 797 1530 Baebium
815 1476 847 1528 in
865 1475 983 1530 Studem.
1003 1474 1082 1530 stud.
1103 1476 1146 1529 II
1159 1494 1189 1545 p.
1204 1480 1272 1532 342.

355 1562 408 1611 914
421 1573 459 1626 sq.
484 1555 619 1624 accipiam
636 1561 661 1609 et
677 1555 771 1624 cupies
785 1555 838 1620 eles.
853 1555 990 1624 Berolrius
1004 1554 1103 1625 Opuse.
1117 1556 1140 1609 Ι
1148 1574 1178 1625 p.
1190 1561 1248 1611 116
1262 1563 1288 1611 el
1302 1555 1403 1612 ‘Bella'

261 1657 291 1708 p.
306 1643 350 1692 41.
369 1640 418 1691 97.·
437 1637 473 1702 es.
492 1634 656 1690 Ribbeclr'us
674 1636 712 1689 ad
730 1633 794 1688 Mil.
809 1636 864 1688 675
883 1637 907 1686 et
925 1633 1034 1689 Neuius
1051 1634 1091 1687 II
1105 1653 1136 1704 p.
1150 1640 1214 1690 447.
1247 1636 1330 1691 Adule
1346 1636 1404 1690 Bia

265 1720 337 1773 sium
355 1718 388 1772 de
405 1717 474 1770 morl.
495 1722 574 1784 lemn
589 1720 705 1784 pumat
721 1732 751 1784 p.
766 1719 803 1768 46
822 1712 922 1783 [102].
941 1744 976 1753 -
995 1714 1018 1767 si
1036 1713 1103 1769 hers
1122 1719 1152 1770 to
1191 1715 1374 1773 Camerarius.

355 1801 416 1850 917.
441 1795 515 1861 Quin
530 1812 583 1864 pro
603 1795 656 1861 Qui
674 1795 794 1850 Botbius
811 1795 883 1849 olim.

355 1881 415 1931 920.
439 1876 506 1930 Posi
520 1876 661 1929 enimuero
675 1875 789 1946 oranius
803 1874 987 1944 distinguebat
996 1875 1115 1930 Botbius
1128 1876 1290 1946 obloquente
1303 1876 1402 1933 Weisio.

268 1988 301 1999 -
322 1957 403 2010 ‘Post
420 1957 493 2009 buno
509 1956 592 2021 sam'le
609 1957 744 2024 nupioere
761 1971 848 2008 unum
864 1954 1028 2009 versuulum
1044 1955 1229 2012 intercidisse’
1247 1954 1294 2025 B,
1311 1975 1365 2027 oua
1380 1957 1406 2011 de

266 2055 296 2093 re
314 2036 446 2092 eoruentit
467 2036 625 2102 Lorenrius,
643 2035 769 2090 dissentit
787 2031 937 2103 Vssinoius.

357 2122 417 2171 999.
443 2113 567 2184 captioni
582 2112 612 2167 il
630 2130 690 2169 oum
705 2115 805 2168 ceteris.
830 2109 968 2183 captionis
981 2114 1065 2168 etiam
1078 2113 1331 2171 Sonuensobeinius
1346 2117 1403 2171 Nie-

268 2211 439 2266 nreyerusque
450 2195 570 2249 ‘Wscnn
580 2195 601 2259 s.
611 2195 647 2249 lrl.
660 2193 772 2249 Pliilol.’
792 2193 816 2245 V
826 2210 857 2262 p.
868 2197 971 2248 365.-
982 2194 1030 2248 Aa
1043 2192 1138 2263 ni(ne)
1155 2212 1179 2249 r.
1192 2198 1248 2249 994
1266 2197 1303 2263 σι’.
1315 2214 1340 2251 o.
1353 2201 1407 2254 419.

357 2279 417 2328 996.
443 2273 515 2339 Quin
535 2272 587 2326 tibi
606 2290 747 2342 nunquam
761 2274 890 2343 Pylades,
904 2271 1096 2328 Fleckeisenus
1108 2272 1210 2330 Exere.
1221 2292 1255 2345 p.
1266 2279 1316 2344 29,
1329 2276 1407 2331 Mun·

269 2357 341 2410 lerus
355 2373 385 2425 p.
401 2359 455 2409 553
471 2355 537 2408 adn.
566 2352 618 2417 Qui
637 2354 689 2407 tibi
708 2370 850 2420 nunquam
866 2351 1048 2408 Camerarius.
1081 2353 1155 2418 Quid
1174 2355 1239 2409 an.
1254 2356 1407 2412 munia

270 2434 361 2500 Quid?
384 2432 438 2488 tibi
461 2450 595 2500 umquam
614 2434 732 2487 Boeotus
755 2433 833 2497 olim,
855 2431 1002 2503 Seyffertus
1022 2433 1113 2488 ‘Berl
1128 2434 1230 2503 pnrlol.
1254 2432 1410 2492 ll'aelurll'

266 2534 295 2585 p.
311 2518 376 2582 997,
395 2513 565 2567 Sclrraclerus
583 2514 614 2567 ole
634 2524 686 2565 -Νε
699 2514 801 2581 partio.
813 2530 843 2582 p.
859 2516 893 2566 19
907 2511 1017 2583 [273],’
1027 2514 1143 2579 sortasse
1155 2521 1235 2569 reete.
1258 2514 1352 2582 Quian
1364 2513 1408 2570 libi

268 2610 391 2662 unquam
416 2592 548 2659 Weisius,
566 2592 702 2647 Botlrius³
724 2592 808 2658 (Quia
824 2594 845 2644 t.
865 2608 892 2644 u.
911 2621 945 2630 -
969 2590 1053 2647 dodi?
1075 2609 1137 2648 oum
1155 2594 1344 2652 Taubaianrro
1363 2598 1409 2652 Bo

272 2673 383 2741 tirius').
422 2671 514 2738 Quid?
533 2672 605 2726 tibin
624 2689 755 2741 umquam
774 2671 805 2726 Ἡ
822 2671 978 2740 obloquente
995 2672 1132 2743 Seyfferti).

359 2758 410 2806 996
424 2769 479 2820 sqq.
503 2753 549 2806 Ari
568 2754 642 2807 onim
661 2754 696 2818 os.
711 2753 860 2822 Lonqenus
879 2751 991 2808 ‘Beira'
1006 2757 1106 2822 paor.
1123 2785 1157 2794 -
1175 2759 1264 2812 reate.
1284 2756 1337 2813 Tra
1355 2775 1407 2813 aum

270 2831 341 2887 mihi
365 2831 449 2884 debas
473 2831 594 2897 gratiam
618 2834 703 2899 atquo
727 2831 909 2886 Camerarius.
946 2835 1035 2887 reete:
1058 2849 1121 2887 eam
1145 2834 1216 2890 mihi
1241 2837 1332 2894 debeo
1355 2854 1408 2909 gra·

270 2914 339 2967 tiam
358 2913 443 2979 nique
461 2911 614 2966 Acidaliae.
652 2913 735 2966 recto.
755 2912 806 2967 Ta.
826 2911 901 2966 enim
925 2912 1014 2966 debeo
1037 2913 1167 2982 gratiam.
1188 2915 1246 2970 ΤΗ.
1264 2917 1348 2987 alqui
1363 2917 1409 2971 Ilo

270 2994 371 3048 tirius‘.
410 2992 553 3045 ‘Imbrum
571 3009 696 3048 uersuum
714 2993 787 3047 uelut
804 2993 916 3046 talium:
942 2994 1027 3048 recte.
1046 2991 1120 3065 (Tu.
1139 3010 1211 3050 cauo
1230 2995 1318 3052 modo
1336 2997 1410 3051 alios:

272 3071 350 3138 mihi,
370 3069 419 3139 qui
437 3070 490 3123 tibi
505 3072 586 3126 fidem
601 3074 610 3140 ΙΙ
624 3072 719 3139 Vsque
734 3071 853 3137 romani,
872 3070 988 3143 horale>
1007 3090 1069 3128 aum
1083 3073 1168 3128 debes
1191 3074 1320 3144 gratiam
1336 3083 1411 3145 atquo

271 3171 291 3208 e.
307 3171 331 3222 q.
346 3169 368 3206 s.
403 3151 566 3220 Quanquam
589 3169 662 3206 unies
684 3167 776 3207 versus
798 3152 875 3207 uisus
897 3158 936 3207 est
958 3154 990 3207 in
1008 3152 1037 3207 A
1054 3153 1171 3207 eostare’
1193 3153 1232 3208 a.
1261 3159 1349 3211 reolo.
1366 3155 1410 3209 To.

273 3249 334 3287 sam
349 3231 433 3284 debes
452 3231 574 3298 gratiam
592 3232 686 3286 hercle
700 3232 836 3300 Bugqius.
855 3249 905 3286 neo
919 3234 950 3285 tu
965 3249 1026 3287 sam
1046 3230 1163 3287 habebis
1177 3235 1312 3304 gratiam.
1337 3239 1410 3305 atqua

275 3312 427 3380 l'ssingius.
461 3313 543 3364 reete.
568 3311 619 3366 Ta.
644 3328 705 3366 eam
729 3311 802 3366 habe
824 3310 885 3366 daia
912 3311 1034 3380 gratiam
1058 3314 1144 3380 atquo
1167 3313 1295 3371 Bruuius
1318 3315 1410 3371 Ama.

269 3392 366 3463 philol.
382 3390 523 3444 CXXXI
531 3407 562 3459 p.
572 3396 631 3446 299
650 3393 659 3457 (
661 3396 811 3460 prooemiis
829 3391 947 3446 eandem
961 3392 1020 3447 deis
1037 3392 1159 3461 gratiam
1179 3424 1214 3434 —
1232 3397 1295 3451 seul.
1315 3394 1409 3451 ‘mon‘

272 3474 313 3528 oei
332 3470 442 3526 ‘debeo’
466 3468 608 3538 Grutero):
632 3488 709 3538 quem
731 3471 766 3538 ef.
786 3471 820 3524 ele
837 3487 861 3525 o.
875 3474 941 3526 929.
975 3487 1036 3525 eam
1056 3471 1146 3527 ambio
1165 3473 1293 3542 gratiam
1312 3476 1411 3546 (vanu

273 3553 392 3622 beoelirst
409 3551 448 3605 du
466 3552 536 3604 noch
554 3550 686 3619 Danlri‘)
704 3552 739 3616 of.
758 3551 796 3605 ad
812 3549 888 3605 Pers.
904 3555 966 3606 756.
987 3552 1034 3606 Aa
1052 3569 1076 3607 o.
1092 3557 1144 3606 999
1163 3553 1200 3620 cf.
1215 3554 1412 3611 Studernundus

274 3632 404 3702 ‘Festgn’
424 3648 451 3699 p.
469 3635 505 3685 69
524 3637 548 3685 et
566 3631 717 3685 Lorennius
736 3631 835 3686 Philol.
857 3630 993 3685 XXVII
1006 3650 1035 3701 p.
1050 3637 1105 3688 543
1113 3649 1168 3703 sqq.

362 3717 422 3765 930.
456 3710 505 3763 ubi
524 3716 588 3779 post
611 3710 759 3765 Gruterum
780 3711 832 3765 del.
855 3709 989 3767 Balbino:
1007 3729 1062 3781 pro
1084 3729 1138 3783 quo
1160 3713 1218 3769 huo
1241 3716 1412 3773 mbnuunn

275 3791 427 3846 Muellerus
447 3789 590 3844 ‘Naelrtn’
607 3807 637 3859 p.
652 3794 710 3845 122
733 3790 797 3846 adn.
818 3821 851 3830 -
872 3791 913 3858 Cf.
932 3791 1082 3862 Langenus
1106 3790 1186 3847 Sina.
1208 3793 1255 3850 Pl
1270 3812 1302 3866 p.
1317 3802 1369 3852 173
1380 3812 1412 3865 so.

273 3878 297 3928 et
316 3872 377 3927 uide
391 3870 428 3923 cul
442 3886 466 3923 o.
477 3874 532 3924 479
541 3886 595 3939 sqq.
611 3875 635 3923 et
649 3870 738 3938 praef.
753 3900 785 3909 —
801 3869 872 3925 Mox
885 3872 923 3925 ad
936 3887 1122 3942 congerrones
1139 3873 1176 3938 os.
1190 3872 1310 3931 Rortiw
1326 3876 1411 3946 Opust

275 3956 296 4007 I
310 3971 339 4022 p.
354 3956 422 4017 250,
441 3950 598 4003 Brorultius
616 3950 720 4005 Annal.
736 3951 833 4020 philol.
854 3949 978 4005 CXVII
990 3968 1021 4021 p.
1035 3956 1091 4007 365
1103 3967 1169 4022 sqq„
1189 3953 1227 4009 al

364 4038 424 4086 932.
463 4030 531 4083 Vide
549 4028 579 4082 ll
601 4028 715 4100 Parerq.
730 4047 761 4100 p.
776 4035 838 4086 443.
858 4062 890 4071 -
911 4033 943 4085 ul
964 4029 1060 4104 (ego)
1081 4034 1156 4086 huno
1180 4030 1249 4088 hino
1274 4035 1411 4108 Seyfferlus

277 4113 365 4167 ‘Rern
382 4109 478 4178 philol.
501 4108 618 4163 Wsebr!
645 4109 779 4178 714997
797 4112 856 4166 ooli.
878 4111 954 4166 Pers.
975 4116 1031 4166 696
1047 4112 1209 4180 improbans
1227 4115 1409 4172 mammonea-

276 4221 309 4231 ·-
324 4193 398 4244 Ante
412 4206 435 4244 u.
448 4194 499 4242 933
514 4204 661 4257 personam
675 4207 725 4243 om.
740 4207 801 4245 mem
815 4191 875 4244 ΕΖ
890 4192 949 4246 edil.
964 4192 1029 4247 inde
1046 4208 1066 4245 a
1085 4190 1244 4249 Camerario
1263 4198 1354 4251 omsur'
1364 4195 1410 4250 993

275 4273 475 4325 continuantes.
497 4300 529 4307 -
550 4268 657 4323 sonitus
677 4272 738 4337 (om.
758 4273 811 4338 est)
830 4272 883 4338 oles.
905 4272 1019 4326 Clrenus
1036 4272 1070 4326 de
1091 4272 1408 4347 verb.subst.1r.95.-·

281 4350 312 4402 V.
327 4357 386 4404 933.
414 4351 461 4404 Ab
479 4366 550 4418 quae
570 4348 652 4403 illaec
671 4366 715 4404 roa
735 4354 778 4405 est
795 4353 829 4417 of.
844 4352 969 4406 Baebius
985 4352 1018 4406 in
1031 4351 1152 4408 Studem.
1166 4352 1250 4410 Stnel.
1266 4356 1310 4409 II
1321 4373 1350 4426 p.
1361 4357 1409 4410 399

276 4433 300 4486 et
323 4429 471 4499 Seyffertns
499 4431 529 4482 in
556 4431 640 4484 Burs.
665 4432 770 4486 Annal.
795 4430 917 4486 LXIII
931 4450 961 4502 p.
977 4438 1026 4499 13,
1054 4433 1093 4489 ael
1119 4432 1213 4490 illisce
1241 4431 1408 4492 hominele
