2910 5528
148 342 208 388 m
618 284 823 375 saumario
915 293 916 296 ‘

150 505 282 566 prorsus
306 484 372 547 fere
395 484 486 567 mles,
509 483 620 566 quales
643 504 728 547 nunc
752 504 771 546 a
792 480 887 546 novis
909 480 1091 545 editoribus
1104 480 1268 547 denuoevc

150 594 254 670 catus,
281 612 323 653 ue
346 590 515 673 promissis
538 589 648 654 deesse
672 589 796 672 videar,
818 589 852 652 in
875 587 938 653 hcc
961 587 1127 653 volumine
1147 588 1269 654 exhibeo.

239 679 276 759 ln
300 698 407 760 animo
432 701 502 761 erat
524 720 563 761 ex
586 697 647 779 eis,
670 717 752 780 quae
776 717 833 778 per
850 696 915 758 tria
928 695 996 758 iam
1010 695 1174 761 saeculaa
1190 695 1268 767 doctis

34 867 37 871 .
150 803 229 867 viris
252 807 378 866 tentata
397 808 481 887 suut,
504 802 728 885 probabiliora
746 822 892 885 quaeque
910 804 977 884 aut,
990 795 1077 866 'cum
1090 806 1142 866 tot
1154 801 1268 887 scrupuli

151 912 320 992 restarent,
334 909 440 973 minus
455 909 683 992 improbabilia
697 909 833 993 seligere
848 912 881 971 et
895 907 923 1000 si
937 928 1002 991 qua
1014 908 1151 973 omnino
1163 907 1270 972 tolerari

150 1037 216 1079 non
223 1035 319 1098 posse
327 1015 520 1098 viderentur,
530 1038 601 1080 mea
611 1017 828 1101 qualicunque
837 1014 1025 1079 coniectura
1036 1014 1268 1079 meliorataeerc

239 1122 440 1186 Postulanda
463 1127 548 1206 sunt,
571 1122 604 1185 id
627 1123 712 1207 quod
736 1121 865 1205 saepius
888 1142 954 1184 non
978 1120 1186 1185 observatum
1204 1119 1270 1185 vide

151 1250 232 1311 mus,
255 1229 331 1292 duo:
356 1230 502 1312 alterum,
525 1235 660 1314 atquae
680 1230 896 1311 enucleentur,
919 1248 1104 1292 sermonem
1121 1227 1272 1313 praebeant

151 1335 329 1418 simplicem
358 1337 556 1419 naturalem,
584 1337 714 1419 qualem
737 1335 905 1401 comoedia
926 1332 1078 1418 requirit,
1101 1334 1204 1399 verbis
1222 1334 1272 1399 mi-

151 1441 228 1504 tatis
260 1446 389 1505 tantum
422 1442 638 1525 compositum
672 1463 732 1506 nec
763 1445 947 1506 contortum
984 1440 1182 1524 mustumve,
1213 1440 1274 1505 alte

151 1569 232 1630 rum,
255 1569 296 1611 ne
320 1569 403 1633 quae
426 1549 622 1632 arripiantur
640 1548 823 1633 linguarum
843 1545 1068 1611 Semiticarum
1086 1552 1122 1612 et
1139 1546 1275 1632 imprimis

151 1651 330 1717 Hebraicae
354 1654 539 1739 analogiam
563 1655 597 1718 in
620 1655 797 1718 formarum
822 1657 855 1717 et
877 1654 1050 1718 verborum
1072 1676 1135 1719 usn
1157 1654 1275 1739 positan

151 1758 247 1822 nimis
294 1761 456 1825 excedant
524 1761 563 1825 ln
603 1760 665 1826 hac
705 1783 740 1825 re
786 1782 851 1824 una
882 1763 1011 1824 tantum
1052 1761 1197 1844 exceptio
1227 1764 1277 1824 est:

151 1865 205 1947 qui
229 1863 350 1931 Punica
378 1868 522 1952 scripsit,
550 1868 679 1952 singula
706 1868 805 1933 verba
828 1866 1009 1950 transtulit,
1039 1887 1153 1932 eorum
1175 1866 1277 1931 ordinis

151 1971 234 2053 apud
261 1969 399 2037 Semitas
422 1974 560 2058 legitimi
587 1975 715 2039 ratione
737 1994 803 2037 non
827 1972 954 2055 habita,
984 1971 1041 2036 sed
1064 1973 1200 2038 latinam
1220 1994 1278 2039 cun·

152 2077 352 2141 suetudinem
373 2078 491 2161 ubique
506 2084 645 2164 secutus,
667 2078 752 2143 unde
765 2078 889 2143 factum
903 2082 963 2160 est,
984 2084 1023 2143 ut
1036 2079 1280 2162 praemitterent

151 2184 352 2248 accusativus
376 2207 404 2250 v.
430 2187 458 2252 1.
481 2187 511 2250 2.
535 2187 565 2252 6.
589 2188 618 2270 l,
646 2186 820 2250 anomiue
848 2205 905 2248 suo
933 2183 1175 2268 disiungeretur
1200 2206 1279 2271 gene

152 2291 237 2353 tivus
262 2313 289 2352 v.
315 2292 347 2373 l,
370 2293 549 2357 sententiae
573 2293 680 2357 verbis
703 2293 872 2356 finirentur
894 2313 924 2355 v.
946 2290 976 2355 5.
1001 2291 1035 2373 8,
1062 2292 1281 2357 inverterentur

153 2397 310 2460 vocabula
343 2419 371 2461 v.
402 2398 429 2462 1.
457 2399 487 2464 9.
520 2401 570 2465 10.
626 2400 718 2476 Quod
748 2399 818 2462 fieri
846 2399 897 2461 vix
926 2397 1047 2480 potuit,
1075 2399 1140 2462 nisi
1167 2398 1282 2463 Pnum

151 2504 325 2587 interprete
349 2527 425 2567 usus
449 2510 508 2589 est,
531 2508 587 2590 qui
610 2506 766 2570 Punicam
790 2503 937 2588 linguam
960 2503 994 2565 in
1018 2505 1284 2586 quotidianumet

151 2609 312 2673 forensem
332 2633 426 2674 usum
440 2610 605 2694 didicerat,
627 2616 661 2675 at
675 2611 808 2676 vocibus
822 2610 906 2674 iuste
920 2608 1087 2673 struendis
1101 2610 1207 2694 impar
1220 2617 1283 2675 erat

241 2713 302 2779 Sed
319 2738 359 2779 ne
374 2716 434 2781 hac
449 2717 577 2800 quidem
592 2717 740 2781 cautione
754 2716 901 2780 adhibita
913 2715 985 2780 fieri
999 2719 1165 2800 potestat
1178 2718 1284 2783 maiora

152 2842 370 2904 assequamur,
389 2846 485 2906 quam
505 2828 542 2888 ut
556 2824 792 2908 quodammodo
807 2823 868 2886 loci
885 2821 1003 2886 Poenis
1018 2824 1212 2889 restituendi
1229 2844 1284 2886 um·

150 2927 242 2990 brem
257 2932 289 2990 et
305 2929 479 3011 imaginem
495 2930 590 2994 nobis
604 2930 825 3012 depingamus,
840 2949 899 2991 nec
911 2928 1005 3011 plura
1015 2935 1207 3011 exspectare
1216 2929 1285 2994 lieet

152 3029 258 3096 Causa
277 3033 377 3096 estin
398 3035 604 3118 ignoratione
623 3036 751 3120 linguae
767 3033 916 3116 Punicae,
935 3054 1017 3118 quae
1036 3035 1135 3100 nobis
1154 3037 1188 3100 in
1202 3037 1285 3101 vitam

152 3138 335 3202 revocanda
354 3144 460 3203 estex
480 3141 549 3205 solo
569 3142 640 3206 loco
659 3141 820 3222 Plautino,
839 3162 909 3204 cum
930 3139 1163 3223 inscriptiones
1182 3143 1222 3207 ab
1238 3141 1287 3205 hoc

152 3248 343 3327 argumento
375 3244 454 3307 satis
484 3245 609 3310 alienae
636 3268 694 3310 nec
725 3246 885 3310 vocalium
915 3245 1018 3330 signis
1043 3247 1224 3314 instructae
1242 3268 1285 3332 pa·

153 3373 223 3414 rum
247 3350 409 3416 adiuvent.
446 3351 516 3427 Qua
543 3353 576 3416 iu
605 3375 639 3416 re
663 3375 758 3436 saepe
781 3353 823 3416 ab
847 3374 911 3416 una
933 3352 1045 3416 littera
1068 3353 1211 3420 fortasse
1231 3374 1286 3438 per·

152 3479 263 3540 peram
288 3457 409 3540 scripta
431 3457 550 3541 pendet
572 3458 807 3542 interpretatio.
844 3457 890 3521 At
909 3457 980 3541 quis
1001 3458 1068 3524 sibi
1086 3460 1287 3543 persuadebit,

152 3564 185 3625 in
209 3564 372 3628 codicibus
396 3563 556 3627 undecimi
575 3565 695 3628 saeculi
715 3564 826 3628 omnia
844 3563 885 3626 ad
903 3585 963 3627 nos
981 3567 1174 3646 pervenisse
1192 3568 1287 3631 immu-

151 3669 243 3733 tata?
300 3671 413 3733 Altera
446 3691 484 3732 ex
516 3673 609 3753 parte
638 3670 697 3754 eis,
730 3691 811 3764 quae
840 3669 942 3732 eidem
976 3668 1105 3735 codices
1140 3672 1288 3757 praebent,

153 3776 278 3839 astricti
302 3797 427 3858 sumus,
454 3797 514 3839 nec
536 3776 652 3860 negari
674 3780 784 3860 potest
812 3776 910 3838 verba
933 3778 1065 3856 praeter
1090 3778 1287 3861 exspectatio
1324 3820 1326 3849 2

151 3903 224 3944 nem
239 3881 367 3966 integra
381 3881 490 3945 videri.
514 3880 656 3946 Omnino
671 3888 779 3946 tamen
797 3882 945 3945 omnibus
956 3881 1108 3947 lectionis
1118 3883 1287 3950 mutationi·
1324 3866 1326 3871 ¹

70 4044 76 4052 .
152 3987 211 4050 bus
235 4009 329 4050 nemo
352 3986 517 4073 hucusque
541 3988 749 4071 supersedere
772 3988 893 4072 potuit,
916 4009 998 4070 quae
1022 3986 1091 4051 fere
1116 3992 1235 4076 ubique
1254 3990 1288 4053 iu

152 4097 356 4175 comparatae
380 4099 468 4177 sunt,
492 4098 528 4158 ut
551 4116 589 4158 ex
608 4095 769 4177 scriptura
788 4094 969 4158 minuscula
987 4095 1149 4178 explicari
1169 4098 1286 4182 possint

150 4195 240 4260 Infra
263 4221 316 4282 ea,
349 4201 520 4283 inquibus
544 4200 600 4264 alii
624 4202 811 4266 coniectura
838 4224 858 4265 a
881 4199 1045 4264 codicibus
1070 4200 1285 4269 discedendum

151 4307 307 4384 putarunt
330 4311 387 4368 aut
409 4308 479 4390 ipse
494 4308 605 4392 putavi
629 4345 665 4355 -
689 4312 860 4391 utrumque
881 4306 1001 4391 septies
1023 4307 1171 4374 octiesve
1185 4311 1284 4375 facum

151 4411 202 4470 est
228 4443 264 4451 —
292 4411 409 4475 litteris
433 4413 573 4499 obliquis
598 4416 753 4480 distincta
776 4418 861 4479 sunt.
906 4413 945 4477 lu
970 4414 1144 4481 vocalibus
1168 4416 1283 4481 forum
