2910 5528
10 39 1028 300 -

60 725 199 775 sss-mo
527 719 713 774 APPENDIX
1142 723 1203 785 197

56 899 86 951 p.
100 886 157 938 196
170 897 209 951 ra.
228 886 345 951 propter
367 879 458 945 Quidr
480 885 590 950 praeter
614 880 835 936 consuetudinem
860 886 1024 950 usurpatum
1048 887 1073 937 et
1092 887 1207 952 propter

60 961 160 1031 Ehem,
178 961 226 1015 uix
243 960 360 1016 tandem
379 962 507 1017 maiorem
526 962 655 1015 lacunam
673 965 805 1026 statuens,
823 976 905 1030 auam
923 977 957 1015 ec
975 961 1003 1015 A
1021 963 1132 1030 firmare
1149 967 1206 1018 stu

62 1043 134 1097 duit.
167 1040 237 1096 Vide
257 1041 346 1109 praef.
370 1037 425 1094 Vix
443 1039 558 1095 tsndsm
577 1045 645 1096 certe
663 1041 762 1109 optime
780 1040 900 1109 onomat
918 1046 978 1110 past
995 1041 1111 1097 iteratos
1135 1043 1206 1097 allu-

58 1124 148 1178 siones
165 1121 334 1177 obscuriores
352 1137 438 1189 quam
456 1135 521 1174 mox
540 1121 608 1191 (scil.
630 1120 898 1190 ‘peraraccabimini’
915 1150 949 1162 -
966 1126 1041 1177 errat
1054 1122 1208 1178 Lmeneius

59 1220 120 1258 eum
137 1200 291 1258 Bitsclrclio
309 1202 354 1268 -)
371 1229 406 1241 -
426 1200 500 1270 quad
520 1201 593 1255 solet
612 1200 705 1254 -sic
725 1199 807 1253 decet
825 1231 858 1240 -
878 1215 983 1255 morsm
1007 1217 1089 1270 geras
1108 1231 1141 1242 -—
1162 1217 1206 1255 co-

58 1284 127 1353 gita
156 1281 204 1337 Aa
221 1279 283 1335 fieri
300 1282 336 1350 es.
354 1280 483 1351 Lanatus
503 1281 592 1337 ‘Bibl-
607 1281 634 1335 el.
654 1280 701 1335 lai.
717 1281 812 1335 Praes.
830 1281 890 1347 Int'.
906 1281 996 1337 Pass'
1012 1299 1042 1352 p.
1058 1286 1094 1337 19
1102 1299 1157 1353 sqq.
1172 1308 1206 1322 -·

66 1362 96 1417 V.
111 1366 165 1416 727
190 1360 279 1416 Ehem
302 1365 382 1415 cretea
404 1376 511 1417 versum
529 1361 652 1430 positum
670 1361 705 1416 ab
724 1359 754 1414 Ἡ
776 1361 814 1416 orl
831 1361 913 1427 finem
936 1363 1116 1418 antecedentis
1134 1378 1208 1417 revo-

59 1443 140 1500 cabat
160 1440 293 1497 Hirtbr'us
310 1441 343 1496 ete
361 1441 451 1496 interi.
468 1445 549 1510 p.13
573 1441 704 1510 (mcum
727 1441 887 1509 Speuoelius
908 1441 979 1509 tacit
999 1440 1086 1509 ‘Rei'
1102 1459 1131 1513 p.
1152 1444 1206 1497 383

58 1520 739 1591 6667·οῇ366712127661142743239.

149 1604 202 1656 729
215 1617 253 1670 sq.
274 1599 329 1655 ‘De
346 1600 390 1654 bis
402 1615 460 1655 non
470 1605 558 1668 potest
571 1616 628 1656 non
641 1616 745 1656 errasse
759 1600 938 1657 Hernrannus
951 1601 984 1655 in
998 1601 1086 1655 Iabni
1100 1600 1205 1657 Annal.

57 1699 118 1740 noo.
136 1688 157 1738 t.
179 1679 305 1735 XXXV
318 1696 346 1748 ρ.
362 1683 417 1736 192
430 1679 480 1750 sqss’
501 1679 539 1734 Ἡ.
574 1696 624 1736 uos
646 1683 696 1737 del.
721 1683 792 1736 idem
811 1681 899 1735 Elem.
916 1682 943 1735 d.
963 1698 998 1737 m.
1013 1697 1043 1751 p.
1057 1685 1126 1749 217,
1150 1682 1209 1738 ulte

58 1779 172 1819 muscae
191 1759 286 1816 hercle
304 1761 442 1830 carriacrrs
459 1761 491 1815 in
509 1776 638 1815 mensura
656 1762 810 1817 baccliaca.
830 1791 863 1802 -
884 1760 965 1829 Vino,
985 1761 1076 1827 uictu,
1090 1760 1207 1832 ¹piscstu

58 1844 119 1915 (del.
138 1845 181 1911 eb)
202 1842 328 1898 Balbine.
349 1870 382 1880 -
401 1839 480 1895 uictu
498 1839 600 1910 probo,
618 1840 730 1909 piscatu
748 1839 853 1896 electili
876 1842 940 1895 troi.
963 1839 1127 1897 Gulielmius
1142 1859 1207 1911 pro·

59 1925 141 1983 barris
160 1922 305 1992 Samuelis
324 1919 410 1989 ’Μ’
428 1936 458 1988 p.
474 1925 517 1976 40.
547 1921 589 1988 Os.
609 1920 756 1993 Seyfferlus
770 1922 855 1978 Burs.
870 1920 976 1975 Annal.
993 1921 1147 1992 XXXIp.
1162 1926 1207 1978 43.

148 2007 201 2058 791
216 2017 272 2071 sqq.
307 2000 493 2055 ‘Bacclu'acos
511 2001 642 2069 discripsi
665 2002 739 2071 (add.
765 2000 860 2055 simitu
884 2002 951 2055 elnae
974 2001 1136 2056 Hermanno
1160 2002 1208 2074 [cs.

61 2082 252 2152 Opuse.1›lrrl.
277 2080 317 2134 11
339 2097 368 2149 p.
382 2083 440 2136 258
453 2079 506 2150 sa]
534 2084 559 2134 et
587 2097 656 2136 corr.
681 2079 775 2134 omnis
797 2096 853 2150 pro
880 2079 1040 2136 communis
1065 2096 1127 2136 enm
1157 2081 1210 2137 Oa-

58 2163 205 2232 marim:

167 2241 264 2296 vium
283 2239 383 2297 colitis.
408 2240 460 2295 Tse.
478 2240 567 2294 Immo
586 2237 646 2294 nitu
664 2240 784 2295 lsntchsc
803 2241 879 2295 crit:

165 2320 248 2376 Nunc
265 2319 348 2375 nobis
367 2320 463 2374 simitu
482 2317 578 2374 omnis
595 2320 665 2375 habe
685 2319 856 2375 exciderunt.

59 2402 115 2473 Qui
130 2402 160 2458 si
176 2401 271 2457 cretici
288 2401 409 2469 fuerint,
427 2400 495 2479 tales
512 2415 566 2455 esse
581 2405 746 2469 patumnnt:

167 2478 268 2536 colitis
286 2478 385 2535 uitam.
409 2479 459 2534 Tse
479 2481 566 2534 Immo
585 2480 646 2535 uita
663 2480 797 2536 bntidhaa
816 2483 877 2535 erat
897 2482 952 2552 [sic
970 2482 1101 2555 Botleius]

167 2559 272 2616 Nobis:
291 2578 364 2615 nunc
383 2560 477 2614 omnic
495 2559 565 2613 haec
580 2559 743 2616 excidorbnt
760 2560 898 2633 <bons>.'

57 2642 104 2699 Sic
121 2641 168 2709 Ἠ,
190 2642 241 2696 ubi
263 2643 337 2707 ortt,
360 2657 434 2694 nunc
456 2639 545 2694 Nobis
569 2641 664 2694 omnis
687 2642 714 2694 h.
734 2658 757 2696 e.
782 2642 918 2712 Beraleius
940 2642 1040 2711 Opnsc.
1062 2643 1082 2694 I
1094 2659 1125 2711 p.
1146 2647 1208 2698 169.

58 2721 136 2777 Simo
161 2727 227 2791 post
253 2720 416 2776 exciderunt
445 2721 509 2774 aad.
532 2719 687 2775 Lambinus
716 2721 898 2791 Oraiuiusque
924 2722 1030 2777 ‘Zselem
1050 2724 1071 2788 t.
1095 2721 1206 2792 Gymn’

60 2803 144 2857 XXI
162 2819 190 2871 p.
206 2805 274 2868 154,
297 2799 381 2854 simul
404 2800 535 2854 Weisr‘us:
557 2800 724 2869 postnobis
747 2818 808 2856 vero
831 2819 887 2856 non
910 2804 954 2856 cst
972 2802 1093 2856 Ellisius
1111 2802 1129 2855 l.
1147 2819 1168 2856 s.
1187 2818 1209 2858 s.

54 2902 85 2954 p.
100 2887 166 2947 168,
185 2897 249 2935 eum
268 2886 332 2935 ante
351 2879 445 2935 omnia
464 2879 716 2935 Sonnenselreinius.
744 2882 785 2949 Os.
802 2881 951 2951 Seyffertus
969 2883 1146 2950 arbascla.
1163 2887 1210 2950 39,

59 2962 267 3019 Studemunclus
284 2961 317 3015 ele
334 2965 406 3015 cant.
423 2977 451 3027 p.
468 2964 503 3014 15
517 2976 554 3029 sq.
575 2965 610 3014 19
624 2976 661 3029 sq.
683 2965 727 3016 36.
748 2966 791 3016 39.
811 2968 847 3017 79
861 2979 910 3030 sq,
930 2962 1067 3017 Cbrr'stius
1087 2960 1209 3017 ‘Metr.'¹

56 3061 84 3113 p.
103 3047 180 3098 408:
207 3057 322 3111 quorem
349 3042 484 3096 mensuris
507 3041 669 3110 improbatis
692 3041 853 3112 Spenyelius
879 3040 971 3107 ‘Rcfi’
991 3058 1021 3111 p.
1042 3048 1088 3097 62.
1119 3047 1156 3096 98
1170 3059 1207 3111 sq.

60 3129 124 3179 128.
146 3126 256 3192 26184.
281 3122 347 3177 llaec
372 3122 512 3191 temptauit
536 3121 685 3189 (probante
707 3122 843 3177 Lorensia
869 3123 926 3176 nisi
948 3123 1020 3191 quod
1046 3121 1209 3177 exciderunt

60 3204 202 3270 retinuit):

167 3285 263 3338 Vitam
282 3280 377 3354 (uos)
395 3281 496 3336 colitis.
521 3283 609 3335 Immo
628 3280 688 3336 uita
707 3280 826 3336 antehoc
846 3285 916 3336 erat.

166 3364 246 3418 Neine
265 3362 412 3417 nobiscum
431 3362 525 3416 bmnis.
543 3361 613 3416 haec
632 3363 682 3430 (oel
701 3360 781 3415 nobis
801 3363 864 3415 esim
884 3361 944 3416 uita
959 3362 1022 3430 hac)
1043 3362 1207 3418 beciderbnt

910 3442 1035 3514 (bona).

65 3526 94 3579 V.
115 3532 168 3580 739
192 3524 332 3590 Quidum?
356 3525 407 3578 Tse.
427 3524 469 3578 Ita
489 3519 578 3596 (hic)
596 3522 700 3592 oppido
726 3520 757 3576 sl
780 3538 840 3577 cum
865 3522 1040 3590 Hermanno,
1070 3525 1119 3578 ubi
1137 3524 1209 3579 ltsst

58 3606 222 3677 Spenaelius
246 3604 337 3670 ‘Rei’
359 3621 389 3672 p.
403 3609 440 3659 99
467 3605 605 3668 refutante
633 3603 765 3673 Seyfferto
794 3603 883 3658 ‘Berl
904 3604 1001 3671 philol.
1027 3604 1143 3659 iterur!
1164 3603 1212 3658 IV

57 3705 84 3755 p.
99 3691 144 3741 46.
166 3685 272 3740 Passis:
301 3683 439 3748 Quidum?
465 3683 516 3737 ΤΡ..
536 3682 579 3737 Its
597 3682 750 3737 occidimus
774 3686 884 3752 omnis,
909 3682 998 3750 Simo,
1019 3682 1131 3752 oppido.
1167 3681 1207 3750 Of.

59 3767 189 3821 Klotrius
208 3781 239 3834 p.
259 3771 322 3820 198.
348 3770 415 3821 298.
440 3767 502 3818 312.
528 3793 560 3804 -
586 3763 617 3816 V.
637 3768 689 3817 731
717 3780 768 3832 pro
794 3780 875 3832 spere
898 3762 1030 3818 Vsenerus
1058 3766 1090 3817 in
1114 3780 1208 3834 prayr.

60 3845 265 3916 Grypbisrcalel.
284 3862 310 3899 a.
324 3849 400 3899 1866
414 3861 444 3914 p.
461 3847 510 3898 16:
528 3843 562 3909 ef.
583 3841 734 3897 Loreneius
752 3845 790 3897 ael
808 3844 909 3897 Pseud.
925 3848 988 3897 574.

99 3953 107 3960 -
147 3931 199 3978 737
214 3940 268 3994 sqq.
290 3924 346 3979 ‘De
364 3926 406 3978 leis
419 3940 476 3978 non
493 3924 561 3977 satis
574 3928 643 3977 recte
655 3923 783 3977 statuisse
796 3923 909 3991 Parere.
922 3941 951 3991 p.
961 3928 1015 3977 461
1026 3940 1079 3992 sqq.
1099 3922 1200 3976 alebar.

63 4006 94 4059 V.
115 4010 168 4059 737
192 4005 376 4073 septenarium
402 4005 457 4069 feci
479 4003 575 4057 addito
598 4006 722 4057 nostram
747 4004 797 4069 (ael
820 4002 940 4069 subito),
965 4007 997 4056 ut
1015 4019 1039 4055 v.
1060 4006 1125 4057 729.
1146 4005 1206 4056 741).

59 4086 226 4155 Quanam
244 4085 326 4138 etiam
344 4084 454 4138 creticos
472 4099 597 4137 numeras
616 4085 676 4138 licet
694 4084 734 4137 sle
754 4099 874 4138 servare:

165 4163 229 4230 Sit,
249 4162 339 4231 Simo,
357 4163 398 4217 ita
417 4165 517 4218 usurus
535 4181 608 4218 nunc
627 4162 726 4217 netuem
746 4164 876 4216 deseruit.
900 4161 925 4215 S.
947 4161 1015 4228 quid
1035 4163 1095 4216 cst?

56 4248 96 4301 rel
118 4247 224 4299 uentus
245 4259 348 4297 nauem
371 4245 444 4296 minc
463 4260 524 4298 cum
542 4244 651 4299 Belleia.
680 4260 779 4297 nauem
800 4247 924 4296 nostram
944 4244 1038 4296 subito
1055 4245 1059 4310 Ι
1078 4240 1208 4295 Deseruit

58 4324 238 4382 Camerarius
258 4330 342 4379 metro
365 4323 451 4378 nullo.
480 4325 559 4378 Ielem
581 4341 605 4378 o.
622 4329 672 4378 798
697 4322 836 4391 quomodo
860 4322 981 4390 pessime
1005 4322 1110 4390 patuit:
1135 4320 1208 4390 quael

55 4414 79 4462 cl
97 4407 214 4462 Dousae
231 4404 357 4474 Explam.
378 4403 437 4457 III
451 4409 471 4458 2
491 4409 515 4457 et
539 4404 685 4458 Gulielmio
705 4403 829 4458 Verlslm.
848 4404 869 4455 1
883 4407 901 4456 4
919 4408 943 4456 et
962 4404 1091 4457 Acidalio
1109 4401 1208 4468 fraudi

53 4489 117 4554 smil.
151 4484 243 4542 Verba
262 4483 295 4537 Ei
315 4525 393 4539 .....
413 4486 502 4537 ratem
526 4485 598 4552 quod
621 4485 703 4550 facile
725 4478 871 4537 videantur
895 4484 926 4536 in
943 4485 1054 4537 creticos
1082 4487 1206 4536 tetrame-

55 4576 110 4623 tros
126 4566 221 4636 redimi
244 4564 332 4633 (neoda
357 4580 428 4631 quas
447 4563 514 4617 nsui
537 4565 712 4632 transponas)
731 4562 821 4627 sallas
839 4564 938 4630 speeies
956 4568 1001 4616 est.
1029 4563 1206 4617 Traebaieam

57 4648 221 4704 clausulam
239 4661 293 4700 esse
312 4659 356 4697 me
371 4644 502 4698 miserum
518 4643 606 4699 occidi
621 4641 1029 4714 Botbiuseoluit,ubl<He1'1>
1044 4659 1088 4695 me
1102 4642 1208 4710 scripsi.

58 4728 87 4784 V.
104 4733 160 4782 740
189 4726 315 4778 nostram
339 4725 366 4778 ui
392 4741 445 4792 pro
468 4727 580 4780 nostrae
608 4723 674 4776 naui
700 4723 855 4777 Acidalr'us.
885 4723 937 4778 Est
964 4729 1054 4777 autem
1080 4723 1148 4776 ratis
1174 4728 1206 4778 ut

51 4811 164 4866 uidetur
181 4802 292 4873 nliru'
312 4805 349 4861 Vl.
378 4807 520 4872 Resutalr's
538 4805 722 4860 Studeneundi
744 4804 872 4872 artificiis
895 4805 1075 4875 (orcamp.
1096 4809 1137 4858 11.
1158 4808 1201 4861 16.
