2910 5528
151 327 206 390 9ο,
660 325 793 381 laevir
1098 325 1137 380 111
1151 333 1178 393 a,
1195 331 1294 381 er-es

153 488 252 565 Quasi
275 488 442 573 flagitator
466 489 554 554 sistat
576 511 677 572 usque
701 488 742 554 ad
765 490 901 555 datium:

152 593 219 660 Nec
244 596 287 659 mi
311 598 426 660 cimbra
450 596 502 660 hic
525 599 706 678 usquamst,
729 592 793 661 nisi
817 597 845 661 si
867 597 904 662 in
926 599 1025 681 puteo
1049 595 1259 682 quaepiamst.

663 770 782 826 Tenum

150 887 258 963 Quid?
282 886 459 954 Sarsinatis
483 888 639 971 tequaet?
663 889 691 953 si
715 886 872 953 Vmbram
895 891 962 955 n6n
985 891 1107 980 habes.¹
1245 907 1292 955 77⁰

687 1064 763 1119 Simo

150 1182 305 1247 Mole'stus
328 1203 369 1247 ne
393 1182 450 1247 sis:
475 1181 554 1245 hae'c
577 1185 653 1246 eunt
677 1182 761 1246 sicut
783 1182 942 1267 prae'dico.

240 1313 249 1316 -
266 1309 368 1317 ‚-——

152 1394 224 1449 unde
240 1395 281 1448 ait
299 1392 417 1448 Plautus
437 1392 471 1447 ‘a
489 1393 578 1447 mani
596 1392 636 1446 ad
656 1393 859 1461 uesperum’.
894 1394 928 1449 ‘a
946 1396 1044 1450 mane’
1064 1396 1162 1450 antem
1183 1397 1295 1464 propter

151 1475 326 1544 tetraptoton
345 1490 401 1528 non
420 1473 504 1527 dixit:
524 1491 587 1527 cum
607 1471 681 1527 enim
700 1473 728 1526 in
749 1473 873 1529 alienum
890 1474 934 1529 ius
957 1477 1106 1530 transeunt
1122 1475 1177 1530 hae
1195 1476 1296 1545 partes,

150 1573 205 1610 non
229 1555 299 1622 suis,
323 1553 373 1608 sed
397 1570 492 1608 earum
515 1553 551 1607 ad
574 1569 644 1621 quas
667 1552 832 1608 transierint
853 1558 971 1610 utuntur
993 1554 1197 1625 potestatibus,
1218 1545 1296 1609 ¹dum·

150 1638 230 1690 taxat
247 1633 278 1687 in
296 1633 493 1689 declinatione.
531 1633 643 1688 Seruius
662 1632 798 1707 [Sepias]
818 1652 910 1690 comici.
929 1637 962 1690 in
975 1636 1048 1690 Dos.
1064 1653 1094 1706 p.
1109 1640 1179 1703 428,
1196 1634 1296 1691 28K:

152 1713 317 1770 aducrbium
337 1715 360 1769 si
380 1715 506 1769 transeat
523 1713 553 1768 in
577 1712 810 1783 significationem
834 1714 955 1770 neminie
978 1731 1189 1785 nonnumquam
1211 1713 1296 1768 decli-

149 1798 246 1863 netur,
265 1795 399 1865 quoniam
423 1794 565 1864 signifieat
583 1810 644 1847 eam
663 1797 773 1863 partem
797 1793 945 1862 orationis,
964 1812 1035 1865 quae
1053 1794 1158 1866 recipit
1175 1793 1296 1850 declina·

150 1874 265 1931 donem.
294 1877 366 1930 unde
395 1878 424 1931 et
449 1874 520 1930 illud
548 1877 622 1946 apud
651 1875 782 1929 Plautum
811 1874 844 1929 ‘a
871 1873 980 1944 primo
1008 1876 1098 1930 mani
1125 1890 1233 1944 nsque
1258 1875 1296 1929 ad

149 1957 353 2025 uesperam’,
384 1955 480 2024 utique
503 1958 585 2011 modo
609 1973 690 2011 mane
713 1972 815 2010 nomen
839 1957 893 2009 eet:
919 1956 972 2010 lioc
995 1971 1077 2009 mane
1101 1955 1185 2010 huius
1208 1954 1297 2010 manis

150 2036 216 2091 huic
234 2038 311 2090 mani
331 2038 386 2091 hoc
399 2054 482 2092 mane
496 2040 533 2093 ab
551 2039 605 2094 hoc
624 2037 714 2093 mani:
734 2053 799 2090 nam
819 2036 842 2090 ei
861 2034 1026 2091 aduerbium
1046 2037 1120 2090 esset
1138 2052 1191 2090 nec
1209 2052 1296 2105 genus

149 2116 287 2186 reciperet
309 2132 361 2172 nec
385 2117 622 2187 praepositionem
641 2119 807 2188 adiungeret
826 2132 877 2171 nec
896 2116 992 2185 posset
1009 2114 1021 2167 i
1038 2116 1192 2173 terminari.
1224 2115 1296 2187 [Ser-

148 2195 224 2266 pius]
243 2197 352 2265 ceptae.
371 2197 404 2250 in
421 2196 495 2252 Dca.
515 2197 537 2250 I
548 2217 577 2269 p.
594 2201 656 2264 513,
675 2204 691 2252 1
702 2198 753 2252 K:
776 2214 827 2252 nec
851 2195 1024 2265 praepositio
1047 2195 1115 2250 addi
1141 2197 1249 2266 potest,
1267 2198 1297 2249 nt

150 2275 274 2331 dicamus
295 2277 324 2331 ‘a
341 2278 449 2332 mane’=
472 2277 496 2331 si
515 2281 609 2333 autem
628 2278 671 2332 uis
691 2277 795 2333 addere
816 2275 1065 2346 praepositionem,
1085 2275 1131 2329 dic
1151 2275 1180 2330 ‘a
1198 2275 1295 2343 mani,

149 2360 181 2411 ut
199 2373 280 2411 mane
299 2373 400 2411 nomen
419 2358 457 2412 sit
474 2361 612 2426 neutrum,
632 2362 660 2413 et
679 2358 818 2426 quomodo
834 2355 953 2410 dicimus
971 2355 1026 2409 hoc
1045 2370 1127 2409 mane
1143 2357 1172 2409 et
1190 2354 1227 2408 ab
1245 2355 1296 2408 lice

150 2436 232 2504 mani,
252 2438 284 2490 ut
303 2437 418 2491 Plautus
440 2438 472 2492 ‘a
490 2438 581 2493 mani
599 2440 640 2492 ad
660 2437 864 2508 uesperam'.
900 2436 1047 2505 Pompeius
1065 2451 1158 2491 comm
1177 2436 1210 2489 in
1223 2433 1295 2490 Dos.

144 2535 175 2586 p.
191 2519 254 2583 136,
272 2517 373 2572 24K..·
396 2532 430 2570 ne
454 2516 532 2570 dicas
556 2517 625 2572 mihi
651 2519 715 2573 ‘hoe
737 2518 841 2573 mane'.
871 2533 937 2586 ergo
961 2515 985 2570 si
1009 2516 1063 2569 hoc
1088 2531 1172 2570 mane
1195 2531 1295 2570 nomen

149 2599 200 2664 est,
220 2597 305 2651 debes
325 2596 464 2651 declinare
484 2596 577 2652 ‘huius
594 2598 682 2652 manis
696 2597 762 2652 huic
776 2595 873 2652 mani’.
904 2612 961 2650 non
978 2593 1138 2649 inuenimus
1157 2593 1293 2650 rationem

148 2677 244 2745 istam,
270 2693 324 2730 non
347 2678 441 2746 potest
466 2678 545 2746 sequi
563 2681 595 2732 nt
614 2678 777 2734 declinetur.
805 2681 900 2733 tamen
924 2676 1046 2746 legimus
1070 2675 1147 2745 apud
1165 2674 1292 2729 Plautum

149 2757 366 2813 declinationem
389 2752 479 2826 ipsam
501 2758 534 2811 ‘u
554 2756 662 2827 primo
683 2757 797 2813 mani’.
825 2758 899 2812 unde
917 2756 996 2811 uenit
1017 2756 1045 2809 ‘a
1063 2754 1163 2824 mani’,
1187 2755 1241 2809 nisi
1261 2756 1294 2810 sit

149 2838 301 2892 declinatio
322 2839 415 2892 ‘mane
435 2838 525 2893 munis
544 2838 652 2892 mani'?
671 2856 752 2893 mane
771 2838 844 2894 unde
864 2835 943 2891 uenit
963 2837 992 2889 ‘a
1010 2835 1101 2905 primo
1120 2836 1210 2890 mani'
1231 2835 1294 2890 fecit

148 2917 379 2973 declinationem:
404 2919 451 2973 sed
476 2921 569 2974 tamen
593 2936 643 2973 noe
667 2935 722 2972 non
746 2920 879 2974 debemus
904 2915 1053 2972 declinare.
1091 2918 1169 2971 Idea
1184 2934 1214 2986 p.
1232 2922 1293 2981 255,

148 3000 246 3053 331st
269 2998 408 3066 planede
432 3000 482 3054 illa
504 3015 534 3053 re
559 3000 587 3054 ‘a
606 3000 698 3054 mane’
719 2997 803 3053 audio
826 2999 973 3069 plerosque
998 2994 1038 3050 sic
1062 2996 1153 3064 loqui:
1177 2996 1293 3067 iungunt

149 3078 386 3148 praepositionem
410 3080 550 3134 aduerbio.
585 3097 665 3135 neruo
689 3078 759 3133 dicit
778 3078 806 3133 ‘a
824 3077 925 3131 mane’.
961 3076 985 3129 si
1011 3077 1114 3129 autem‘
1128 3074 1225 3131 dicere
1247 3093 1291 3129 no·

148 3158 233 3212 lucris
255 3159 283 3211 ‘a
296 3160 400 3226 mane’‚
419 3161 528 3214 mutare
547 3160 634 3214 habes
654 3177 750 3214 casnm
769 3162 799 3215 et
817 3157 907 3214 dicere
926 3156 1014 3211 habes
1035 3157 1146 3211 ‘mani’.
1178 3155 1293 3226 legimus

149 3239 223 3293 enirn
242 3240 316 3308 apud
331 3238 461 3292 Plautum
482 3240 516 3293 ‘a
533 3243 622 3294 mani
642 3256 747 3308 usque
767 3239 808 3295 ad
826 3237 1034 3308 uesperum'.
1063 3238 1169 3305 etqua
1186 3235 1291 3292 ratione

149 3319 271 3372 mutauit
289 3327 402 3373 casum?
421 3320 479 3374 noli
498 3323 598 3389 putare
617 3337 667 3390 per
685 3319 861 3390 inperitiam:
881 3318 948 3386 quin
967 3317 1052 3371 immo
1071 3316 1126 3370 hec
1144 3317 1292 3386 prudenter

147 3398 216 3453 lecit
244 3400 273 3453 et
300 3399 394 3454 docte:
427 3398 547 3454 maiores
579 3399 667 3456 nostri
695 3401 748 3455 hoc
777 3399 869 3469 ipsum
898 3415 980 3452 mane
1012 3396 1165 3450 uoluerunt
1192 3397 1291 3451 habere

148 3495 236 3548 genus
256 3496 276 3533 e.
291 3496 315 3547 q.
330 3495 351 3533 s.
390 3478 466 3548 Quae
490 3481 644 3535 testimonia
667 3481 749 3534 etiam
772 3481 809 3535 ad
833 3480 933 3548 Amph.
951 3481 1007 3535 253
1031 3478 1120 3533 redire
1142 3494 1221 3547 posse
1242 3493 1292 3532 sno

147 3565 267 3626 coeunt
287 3558 415 3614 Goeteius
433 3565 457 3614 et
475 3559 631 3631 Seyffertus.

146 3750 181 3816 cf.
193 3749 288 3803 testim.
344 3747 497 3815 aduesperri
507 3748 535 3801 B
544 3753 577 3813 et,
592 3748 610 3800 fi
624 3764 658 3802 ec
673 3748 701 3816 a,
712 3748 747 3802 0:
762 3749 795 3814 cf.
807 3748 901 3804 testim
913 3747 950 3817 (¹⁸)
1009 3750 1070 3801 768.
1085 3745 1134 3801 Sic
1148 3747 1225 3816 latri,
1241 3747 1294 3802 nisi

294 3832 317 3868 u

147 3885 219 3952 quod
237 3881 359 3950 flagitet
379 3879 402 3934 0
420 3884 492 3948 (cum
509 3881 638 3950 spatiolo)
717 3880 822 3935 altatus
838 3897 891 3951 qne
912 3881 974 3936 Bc:
992 3897 1061 3936 corr.
1080 3880 1131 3935 Bb
1204 3879 1294 3935 adstet

148 3961 209 4015 ΡΖ
261 3960 349 4029 ulqO
402 3973 539 4027 Kosmou
553 3961 665 4025 ditem
682 3960 802 4016 GDFZ
855 3968 913 4016 769.
931 3961 1090 4028 SicA(sed
1102 3974 1294 4015 munaus-

149 4043 228 4108 rriu),
256 4043 305 4095 ubi
332 4040 402 4094 mihi
430 4040 529 4093 umbra
551 4040 666 4107 usquam
690 4041 732 4094 elt
754 4047 778 4096 et
801 4042 931 4110 quopiam
958 4040 998 4096 est
1023 4041 1125 4111 reliqui
1151 4041 1292 4114 (quppiam

148 4119 275 4189 BbFZ)
384 4120 459 4174 Haec
479 4122 507 4175 B
526 4119 562 4187 (N
582 4121 643 4188 Bb)
721 4121 810 4176 [iem.
833 4123 869 4176 Z:
888 4122 953 4176 odd.
972 4121 1090 4191 Rpludee
1107 4137 1143 4176 aa
1160 4122 1238 4177 codd.
1258 4121 1293 4190 (‘)

201 4206 261 4256 770.
289 4213 1000 4269 omnnemunusspeouinsrsruunansamaeas
1027 4201 1055 4256 A
1132 4215 1184 4255 ec
1212 4218 1293 4270 quarn

148 4278 189 4330 ult
207 4280 242 4333 B.
272 4281 301 4335 ct
319 4281 373 4347 qud
393 4280 433 4333 est
451 4283 523 4349 (cam
541 4282 671 4351 spatiolo)
691 4282 718 4337 0.
746 4282 873 4349 &quad
894 4281 930 4336 D.
959 4297 1047 4348 ecqua
1065 4281 1105 4336 ea
1124 4281 1197 4337 FZ:
1215 4283 1293 4338 reti?

146 4359 239 4425 posuit
266 4359 475 4427 Taubmanaus,
495 4368 558 4428 post
580 4362 667 4415 habes
691 4361 720 4415 ll
743 4379 803 4416 oum
827 4363 876 4416 Bo
900 4361 1015 4430 aliisque
1034 4360 1069 4429 (ἢ
1160 4368 1224 4417 771.
1251 4362 1295 4418 Sic

148 4437 222 4505 libri,
240 4439 296 4493 uisi
314 4440 387 4509 quod
405 4453 651 4495 siceumsnr—
669 4444 705 4497 A.
738 4441 807 4496 licut
825 4440 937 4511 predico
956 4441 1018 4496 Bo
1032 4440 1126 4510 (puicu
1146 4441 1188 4511 D)
