2946 5062
163 361 224 426 188
640 358 825 415 uersuum
1161 364 1305 416 ore-ma

196 522 251 577 DA.
271 520 326 576 Vbi
345 521 522 577 Philolaches
540 524 603 577 est?
623 522 674 575 Tu.
694 537 849 591 numquam
868 517 988 590 potuisti
1007 518 1081 574 mihi

267 603 358 672 Magis
377 605 549 674 opportunus
569 604 703 660 aduenire
723 618 808 673 quem
826 599 954 656 aduenis.

196 685 250 739 DA.
270 683 343 750 Quid
359 687 417 738 est?
436 685 486 739 Ta.
506 684 627 740 concede
646 685 709 739 huc.
735 676 791 737 orl
808 681 878 749 quin
895 679 965 735 mihi
982 681 1081 735 faenus
1099 679 1244 736 redditur?
1267 697 1305 737 ors

195 764 246 817 Ta.
268 762 332 816 Scio
351 764 379 817 te
398 764 473 818 bona
491 782 552 820 esse
570 782 651 820 uoce:
671 780 707 818 ne
722 763 814 819 clamo
832 759 925 816 nimis.

195 841 248 898 Dn.
268 843 329 912 Ego
348 843 443 899 hercle
461 861 528 900 uero
547 844 647 901 clamo.
665 844 715 899 Tu.
735 843 785 911 ah,
804 859 870 913 gere
889 857 996 898 morem
1013 840 1092 897 mihi.

195 920 251 977 Du.
272 921 344 987 Quid
363 923 416 978 tibi
434 940 487 993 ego
506 940 613 981 morem
631 925 674 980 uis
694 930 809 995 geram?
835 924 887 977 Tu.
907 920 955 976 abi
974 937 1078 991 quaeso
1097 921 1166 978 hinc
1184 921 1305 980 domum.

195 999 249 1056 DA.
269 1001 395 1058 Abeum?
413 1003 464 1059 ΤΒ.
484 1003 575 1060 redito
595 1006 649 1059 huc
668 1003 780 1059 circiter
799 1002 953 1057 meridiem.

195 1080 249 1137 Du.
269 1083 449 1138 Reddeturne
467 1083 555 1155 igitur
568 1085 686 1140 faenus?
706 1085 757 1140 Tu.
777 1083 909 1139 reddetur
926 1082 988 1139 tibi
1267 1102 1305 1140 eso

196 1160 249 1218 Du.
272 1162 344 1228 Quid
363 1181 416 1233 ego
435 1164 490 1219 huc
508 1180 648 1219 recursem
666 1165 717 1218 aut
736 1181 850 1235 operam
870 1179 979 1218 sumam
996 1165 1047 1217 aut
1065 1164 1229 1220 conteram?

269 1242 342 1308 Quid
361 1244 385 1298 si
402 1245 449 1299 hic
466 1245 586 1301 manebo
604 1245 698 1316 potius
718 1246 755 1300 ad
772 1243 936 1301 meridiem?

197 1321 248 1377 Tm
272 1322 360 1379 lmmo
379 1324 426 1379 ubi
446 1325 572 1381 domum:
591 1341 687 1380 nerum
706 1325 801 1380 hercle
819 1324 891 1379 dico.
908 1321 967 1377 abi
986 1323 1070 1379 mcdo
1089 1325 1214 1381 domum.

197 1402 251 1457 DA.
271 1402 343 1468 Quin
362 1421 413 1459 uos
432 1405 471 1459 mi
490 1407 617 1461 actutum
636 1405 711 1460 date.
739 1404 808 1475 quid
825 1405 872 1460 hic
889 1401 1053 1473 ungamini?

196 1482 246 1537 Ta.
269 1483 330 1539 Heu
349 1484 443 1540 hercle
462 1503 535 1540 nuuc
553 1487 585 1540 tu
604 1485 651 1540 abi
670 1485 752 1541 modo
772 1484 899 1539 domum:
920 1482 1048 1539 ausculta
1065 1480 1147 1538 mihi.

196 1560 249 1616 DA.
269 1562 374 1619 Multos
394 1582 437 1620 me
456 1565 509 1639 hoc
528 1568 611 1636 pacto
631 1566 686 1620 iam
706 1565 767 1619 dies
785 1562 966 1619 frustramini.

197 1642 250 1699 Ta.
272 1643 406 1699 Molestus
424 1661 458 1699 ue
478 1646 524 1702 sis.
553 1661 634 1700 nemo
653 1643 718 1700 dat:
737 1661 790 1714 age
809 1642 876 1712 quid
894 1641 982 1697 lubet.

196 1720 251 1777 Da.
270 1723 404 1779 Molestus
423 1724 446 1780 si
465 1743 539 1794 sum,
559 1724 668 1780 reddite
687 1727 849 1794 argentum:
868 1721 971 1777 abiero.

267 1803 474 1873 Responsiones
493 1805 583 1860 omnis
601 1805 656 1860 hoc
674 1806 761 1858 uerbo
780 1801 872 1872 eripis.

196 1881 245 1937 Tu.
269 1882 378 1939 Sortem
397 1883 501 1954 accipe.
525 1887 579 1940 DA.
600 1885 687 1940 immo
705 1883 820 1950 faenus,
838 1881 868 1935 id
886 1879 1008 1951 primum
1026 1882 1101 1937 uolo.

197 1963 248 2017 Ta.
272 1963 343 2029 Quid
363 1964 405 2018 ais
424 1968 474 2020 tu?
498 1967 560 2032 tun,
579 1964 725 2021 homiuum
746 1961 870 2017 omnium
889 1962 1067 2029 taeterrume,

269 2042 379 2097 Venisti
398 2045 452 2098 huc
471 2048 499 2099 te
519 2047 709 2100 extentatum?
732 2060 800 2113 ugss
818 2041 892 2111 quod
911 2041 941 2095 in
960 2043 1080 2096 manust.

267 2120 329 2176 Non
348 2123 410 2190 dat,
430 2140 486 2179 non
504 2124 596 2178 debet.
622 2125 676 2178 DA.
695 2141 751 2178 nou
770 2123 873 2178 debet?
895 2122 948 2176 Tu.
968 2138 1003 2176 ue
1022 2139 1075 2192 gry
1095 2121 1210 2191 quidem

267 2202 349 2256 Ferre
368 2203 432 2258 hinc
452 2207 540 2273 potes.
565 2222 601 2258 su
621 2205 663 2259 uis
683 2203 778 2273 aliquo
798 2204 862 2257 hinc
882 2201 966 2256 abeat
983 2200 1060 2256 foras

268 2282 342 2336 Vrbe
362 2284 505 2338 exulatum
524 2284 646 2339 faenoris
665 2299 749 2339 cause
768 2282 831 2337 tui?

170 2363 246 2433 <Du
266 2361 339 2427 Quid
357 2362 387 2416 id
406 2363 442 2417 ad
460 2371 522 2418 me?
546 2364 630 2419 modo
648 2382 721 2418 nune
741 2363 842 2417 reddet
860 2365 1008 2432 argentum
1028 2361 1128 2434 mihi.)

197 2443 247 2497 Tu.
271 2441 344 2508 Quin
363 2446 467 2498 sortem
486 2444 543 2498 iam
562 2444 730 2499 redhibebit
755 2444 810 2497 DA.
830 2439 899 2509 quin
918 2457 981 2496 eam
998 2459 1054 2497 nou
1074 2446 1155 2512 peto:

266 2522 337 2576 Mihi
356 2523 453 2578 faenus
472 2524 586 2591 reddat,
605 2524 704 2579 faenus
724 2523 849 2577 actutum
869 2520 947 2575 mihi.

196 2604 246 2656 Tu.
270 2603 312 2656 Tu
332 2603 421 2672 solus,
441 2602 536 2671 credo,
556 2605 670 2659 faenore
689 2604 837 2673 argentum
856 2600 945 2656 datas.

195 2682 248 2735 Du.
271 2682 345 2737 Cedo
364 2683 474 2737 faenus:
495 2684 581 2738 redde
600 2684 709 2739 faenus:
729 2684 828 2737 faenus
848 2680 964 2735 reddite.

268 2763 391 2817 Datur-ne
411 2762 525 2817 faenus?
549 2763 599 2817 Ta.
618 2763 716 2818 faenus
736 2762 803 2830 illic,
823 2761 920 2816 faenus
939 2759 993 2813 hic.

271 2841 369 2896 Nescit
387 2842 500 2911 quidem
520 2843 574 2896 nisi
593 2843 691 2897 faenus
710 2841 863 2897 fabularier

273 2922 425 2976 Veterator.
451 2939 539 2991 nequo
558 2940 611 2992 ego
630 2923 792 2978 taetriorem
811 2921 923 2975 beluam

268 2999 379 3055 Vidisse
398 3018 443 3055 me
462 3019 594 3072 umquam
614 3020 785 3072 quemquam
804 3019 887 3070 quem
905 3004 934 3056 te
954 3018 1062 3056 censeo.

195 3082 250 3135 DA.
270 3082 333 3136 Non
352 3080 453 3150 edepol
473 3099 545 3136 nuuc
563 3086 594 3136 tu
614 3100 658 3136 me
676 3082 739 3136 istis
759 3081 852 3136 uerbis
871 3081 992 3136 territes.

266 3161 324 3214 lam
343 3162 436 3215 hercle
456 3178 508 3230 ego
527 3161 608 3215 illum
627 3162 786 3218 nominabo.
805 3162 857 3216 Tu.
877 3179 948 3231 euge
967 3165 1086 3216 suanae.

170 3241 244 3312 (on.
264 3241 353 3309 Heus,
371 3240 561 3310 Philolaches,
582 3242 626 3298 exi
645 3242 733 3297 intus:
752 3243 850 3297 faenus
869 3241 1009 3311 reddito.)

196 3323 246 3375 Ta.
268 3321 370 3375 Beatus
390 3336 455 3376 uero
475 3338 505 3376 es
523 3339 610 3389 nunc,
629 3340 713 3391 quom
732 3323 846 3377 clames.
870 3323 924 3376 DA.
944 3339 1035 3376 meum
1055 3325 1131 3391 peto.
1269 3340 1310 3379 ess

194 3399 247 3456 ΤΗ.
268 3401 340 3467 Quid
355 3402 396 3455 ais
412 3406 462 3457 tu?
477 3404 528 3457 Tu.
544 3404 613 3471 quid
627 3403 688 3457 uia?
703 3403 757 3456 ΤΗ.
772 3403 835 3472 quis
849 3401 910 3456 illic
925 3403 984 3455 est?
999 3400 1067 3468 quid
1081 3401 1142 3456 illic
1156 3402 1248 3472 petit?
1270 3419 1311 3458 ers

267 3480 340 3548 Quid
358 3480 580 3538 Philolachetem
595 3485 712 3554 gnatum
731 3482 884 3551 compellat
902 3497 994 3535 meum
1178 3526 1183 3531 .
1270 3500 1310 3538 ero

265 3561 311 3616 Sic
330 3565 359 3616 et
377 3563 519 3631 praesenti
537 3562 591 3617 tibi
610 3564 678 3617 facit
697 3562 868 3617 conuitium?
1270 3580 1309 3619 ors

193 3643 244 3696 ΤΒ.
264 3643 348 3696 Peter
368 3659 463 3697 eccum
483 3644 599 3697 aduenit
618 3658 733 3713 peregre
753 3659 809 3697 nou
828 3641 917 3695 multo
936 3641 1013 3711 prius
1270 3660 1309 3698 sn

264 3722 357 3777 Illius:
377 3724 400 3775 is
419 3721 473 3776 tibi
491 3722 591 3777 faenus
612 3726 641 3777 et
659 3725 761 3778 sortem
781 3723 867 3777 dabit.
1270 3739 1310 3778 ers

1267 1978 1312 3218 Ξὲἓὲἓὲἓὲἓὲἓέἓὲἓὲ

1268 3261 1308 3300 ἕξ

266 3803 307 3857 Ne
327 3801 508 3857 inconciliare
527 3802 595 3871 quid
614 3819 664 3856 nos
683 3820 766 3872 porro
786 3801 921 3871 postules.
1270 3820 1310 3860 sm

190 3883 246 3937 DA.
266 3883 384 3936 Daturin
403 3882 471 3936 estis
490 3883 589 3936 faenus
608 3885 734 3938 actutum
753 3882 841 3937 mihi?
1268 3901 1311 3939 cos

194 3963 244 4017 Ta.
265 3963 338 4016 Vide
356 3980 422 4016 num
441 3967 573 4018 moratur.
598 3962 653 4019 DA.
673 3964 740 4031 quin
758 3963 862 4031 feram,
882 3963 907 4016 si
925 3962 994 4029 quid
1012 3961 1104 4017 datur.
1269 3980 1311 4018 cu

193 4041 247 4095 ΤΗ.
268 4043 347 4107 Quod
366 4042 434 4097 illuc
453 4046 497 4097 est
515 4043 625 4111 faenus,
646 4043 769 4111 obsecro,
789 4045 864 4112 quod
883 4042 942 4096 illic
961 4042 1051 4112 petit?
1269 4061 1310 4100 cro

264 4121 337 4186 Quid
357 4122 400 4176 illi
419 4123 554 4178 debetur?
579 4124 634 4178 Tu.
654 4124 769 4179 obsecro
789 4125 882 4178 hercle
901 4142 921 4178 e.
936 4141 960 4193 p.
976 4123 1008 4178 s.’
1269 4141 1310 4179 ms

159 4201 243 4255 Hunc
265 4205 353 4273 ipitur
376 4204 498 4258 ordimur
517 4205 655 4272 probabat
673 4204 816 4275 Kayseruc
839 4206 856 4257 l.
875 4221 896 4258 c.
915 4221 935 4258 s.
957 4220 987 4273 p.
1001 4207 1059 4258 422
1084 4208 1110 4257 et
1131 4204 1310 4275 Lodemiqs‘uo

158 4279 257 4335 Philet.
272 4283 372 4336 XVII
382 4288 482 4350 p.470,
497 4287 554 4338 uisi
567 4286 639 4354 quod
652 4290 735 4339 udde)
741 4291 806 4353 post
819 4302 843 4339 o.
855 4289 906 4338 586
921 4285 1065 4339 traiectum
1075 4283 1242 4341 Temenus
1254 4300 1310 4340 ease

159 4360 251 4412 uoluit.
277 4363 380 4417 Contra
399 4364 550 4418 Lorcuzius
569 4368 731 4420 assentiente
749 4365 859 4435 Buppio
878 4365 1047 4419 tralaticium
1065 4365 1191 4418 ordinem
1209 4372 1311 4432 serrat,

158 4440 214 4492 ru'si
237 4442 309 4507 qaod
332 4458 356 4494 u.
373 4448 522 4497 eso-588
544 4451 606 4512 post
628 4463 652 4500 c.
668 4451 719 4500 609
744 4451 767 4499 et
789 4464 814 4502 c.
833 4449 895 4501 589.
913 4451 965 4500 601
989 4446 1061 4500 inter
1087 4462 1111 4498 v.
1131 4450 1185 4499 585
1208 4451 1233 4501 ct
1254 4450 1309 4500 590
