2910 5528
604 795 810 851 PRAEFATIO
1230 800 1281 856 1111

159 983 182 1044 p.
198 959 315 1025 11-32
337 958 446 1023 edidit.
492 960 571 1026 Post
595 982 667 1025 eum
690 960 793 1025 multo
812 960 937 1026 felicius
961 960 1102 1027 codicem
1127 963 1281 1027 tractavit

159 1066 329 1131 Gustavus
361 1064 510 1151 Locus,
540 1088 749 1151 quamquam,
784 1067 816 1131 id
845 1067 932 1153 qued
963 1067 1026 1131 sibi
1056 1072 1280 1152 proposuerat,

160 1195 264 1258 operam
288 1196 380 1239 suam
409 1173 558 1238 secundis
589 1173 673 1238 curis
696 1177 872 1238 retractare
895 1196 960 1238 non
983 1174 1101 1257 potuit.
1147 1172 1279 1240 Partem

161 1302 246 1345 earum
267 1280 457 1363 lectionum,
489 1301 570 1365 quas
593 1279 769 1345 Leewius
797 1283 1001 1365 enataverat,
1025 1281 1163 1364 protulit
1186 1280 1279 1347 Otto

99 1391 101 1394 ’
161 1386 306 1453 Ribbeck
329 1386 412 1451 Mus.
440 1386 542 1452 Rhea.
570 1386 699 1453 10136
728 1384 771 1473 (8.
797 1386 897 1471 1881)
925 1410 955 1470 p.
982 1387 1155 1451 116-119
1185 1393 1218 1451 81
1245 1387 1280 1451 18

161 1495 237 1577 ipsius
264 1494 397 1559 fabulae
430 1494 579 1559 editione.
627 1491 708 1558 (lum
741 1498 852 1559 tamen
884 1493 1027 1558 dubitari
1058 1493 1150 1557 nullo
1183 1494 1279 1558 modo

162 1600 494 1685 10188118181181818
518 1620 595 1664 cura
619 1620 701 1684 opas
725 1603 825 1683 esset,
848 1602 973 1663 aestate
997 1600 1073 1664 anai
1099 1600 1184 1666 1888
1208 1601 1278 1684 ipse

163 1707 316 1771 maiorem
341 1705 568 1771 schedarum
592 1709 744 1790 partem
776 1698 879 1770 denuo
903 1727 976 1770 cum
1000 1705 1110 1770 codice
1134 1706 1278 1771 conferre

163 1835 235 1878 ausus
262 1836 333 1878 sam
357 1813 471 1878 labore
500 1816 538 1877 ut
560 1812 694 1877 insolito
722 1812 770 1876 ita
791 1811 1044 1896 haudquaquam
1068 1812 1279 1896 infructuoso,

164 1942 328 2005 quamquam
354 1918 567 1985 difficillimos
591 1919 682 1984 locos
706 1918 857 2004 expedire
878 1940 945 1983 non
969 1918 1074 2002 potui,
1106 1918 1188 1983 alios
1213 1941 1278 1983 om-

162 2027 217 2091 nino
242 2048 307 2092 8011
339 2026 509 2112 temptavi.
554 2024 627 2091 Hac
657 2025 759 2112 igitur
791 2025 961 2090 emendata
996 2025 1167 2091 collatione
1199 2047 1276 2092 usus

162 2155 225 2198 suar:
244 2133 327 2219 qaod
350 2133 412 2199 hoc
435 2135 507 2198 loco
530 2144 800 2198 commemorasse
825 2133 906 2196 satis
930 2132 1052 2215 habeo,
1075 2153 1148 2198 cum
1172 2132 1277 2196 infini-

164 2240 213 2302 tum
231 2239 368 2305 taedium
392 2241 559 2305 creaturus
583 2238 714 2321 inerim,
738 2237 765 2303 ai
791 2242 940 2303 accurate
968 2261 1041 2303 mea
1065 2261 1084 2302 a
1107 2237 1278 2303 Loewia·

162 2345 203 2409 nis
228 2348 393 2433 seiungere
431 2346 617 2410 voluissem.
670 2344 865 2429 Vbicunque
899 2349 1007 2410 autem
1040 2344 1277 2410 Rihbcchius
1334 2336 1341 2349 ’

164 2452 230 2517 aliter
253 2453 290 2519 de
317 2452 464 2518 Loewii
491 2451 689 2518 lectionibus
725 2452 852 2516 rettulit
886 2474 982 2535 quam
1019 2472 1093 2536 ego,
1125 2473 1176 2515 me
1205 2473 1277 2515 mea

167 2557 356 2625 additamenta
378 2582 445 2625 non
468 2561 567 2624 semel
591 2581 610 2623 a
630 2557 893 2624 Studemundo
918 2558 1108 2622 confirmata
1132 2562 1276 2622 secutum

167 2685 217 2727 esse
241 2689 361 2732 moneo.
412 2666 545 2731 Praeter
576 2666 660 2730 hanc
693 2664 900 2730 collationem
938 2665 1186 2747 diligentissime
1223 2665 1275 2728 ad·

165 2767 229 2835 hibui
249 2773 498 2838 Studemundi
522 2773 777 2858 apographon
802 2772 919 2835 dudum
940 2771 1170 2835 desideratum:
1195 2792 1276 2854 quae

167 2881 274 2962 utroque
291 2880 480 2944 testimonio
500 2880 625 2943 munita
644 2879 761 2962 inveni,
784 2879 874 2942 nullo
899 2877 998 2941 verbo
1023 2876 1147 2941 adiecto
1170 2878 1276 2959 posui:

166 3004 222 3065 quac
245 2986 418 3051 Loewias
452 2990 547 3070 atque
582 3007 643 3071 ego
679 2987 745 3049 sive
775 2985 853 3048 80118
887 2984 988 3048 088118
1018 2984 1085 3047 sive
1114 2983 1276 3066 probabili

167 3092 378 3159 ratiocinatione
398 3094 486 3158 ducti
506 3092 607 3158 codici
628 3092 697 3156 dari
717 3114 813 3176 posse
834 3092 1028 3175 patavinae,
1052 3112 1123 3154 cura
1141 3088 1276 3154 Stude·

167 3200 308 3284 881188,
331 3204 444 3285 utpote
464 3200 519 3283 qui
539 3199 750 3283 apographon
769 3200 973 3263 confecturus
1000 3202 1094 3281 essct,
1118 3201 1173 3260 881
1196 3196 1276 3260 nihil

167 3305 206 3364 aut
223 3304 359 3371 lacunam
391 3311 583 3392 testaretur,
615 3307 705 3370 uncis
739 3305 866 3369 inclusi:
901 3326 981 3388 quac
1008 3304 1115 3368 80188
1141 3301 1277 3367 Stude·

168 3413 291 3478 nundus
318 3414 457 3497 legerat,
485 3412 602 3477 diserte
627 3412 676 3475 illi
700 3411 814 3475 tribui:
844 3412 899 3475 ubi
928 3412 1031 3475 maior
1061 3410 1277 3492 discrepantia

168 3511 280 3584 lectionis
300 3521 370 3603 fuit,
394 3524 565 3603 utrumque
585 3518 806 3582 testimoniam
831 3519 936 3582 811811.
981 3517 1276 3581 Loewianarum

166 3624 243 3688 autem
263 3627 476 3691 lectionum
498 3629 624 3710 partem
656 3625 797 3708 aliquam
823 3625 887 3687 iam
919 3622 1219 3689 Studemuadam
1243 3624 1276 3686 in

165 3733 317 3817 apographo
346 3732 544 3798 conficiendo
574 3736 649 3797 ante
678 3732 788 3797 oculos
817 3731 969 3795 habuisse
1000 3754 1038 3794 ex
1062 3730 1277 3796 adnotationi-

164 3830 206 3897 bus
224 3839 282 3904 cius
306 3842 426 3904 elucet:
455 3840 493 3904 de
517 3840 650 3922 reliquis
679 3839 905 3920 discrepantiis
934 3860 999 3902 noa
1031 3839 1078 3902 ita
1101 3838 1225 3914 multia,
1250 3837 1276 3900 81

163 3947 258 4009 occasio
281 3947 372 4031 feret,
392 3947 533 4012 codicem
553 3947 657 4010 denuo
678 3946 862 4009 examinare
886 3945 1056 4008 consiliam
1077 3949 1133 4007 est.
1182 3944 1276 4028 Gep-

161 4053 329 4125 pcrtianas
354 4055 509 4117 lectiones
533 4053 649 4137 quihus
674 4058 706 4116 et
729 4052 904 4116 Loewius
936 4056 968 4115 81
992 4051 1276 4116 Studemundus

161 4153 319 4244 calescant,
343 4162 454 4244 abieci,
477 4160 541 4223 8181
565 4159 620 4223 abi
645 4159 735 4223 illum
761 4160 897 4242 primam
924 4163 1037 4242 poetae
1062 4158 1160 4221 verba
1185 4181 1220 4220 ex
1247 4159 1274 4219 A
1384 4158 1388 4166 “

160 4268 305 4332 correxisse
331 4267 500 4331 dicendam
524 4266 593 4331 1811.

227 4371 355 4450 ‘Quodsi
384 4373 624 4459 deperditarum
653 4374 913 4437 membranarum
944 4371 1123 4436 intervallis
1153 4393 1206 4434 cas
1231 4370 1276 4433 sa-

158 4471 233 4541 18188
261 4485 370 4564 partes
404 4481 578 4545 contuleris
612 4502 695 4562 quae
727 4481 810 4543 inter
848 4479 1038 4563 superstites
1072 4478 1276 4542 membranas

156 4583 255 4650 mediae
274 4592 365 4664 8881,
389 4587 470 4651 nihil
498 4587 667 4671 incongrui
693 4586 871 4670 reppereris
896 4589 1120 4668 praeterquam
1145 4585 1178 4648 in
1202 4586 1276 4650 (188-

154 4686 202 4751 bas
215 4694 340 4777 scaenis,
360 4695 470 4778 cisque
486 4716 522 4757 co
543 4698 645 4757 metro
666 4693 865 4775 conscriptis,
885 4693 969 4776 qaod
989 4695 1084 4778 longe
1105 4694 1272 4758 certiorem

153 4815 232 4875 (18818
252 4822 391 4886 regnans
416 4800 449 4863 18
471 4801 531 4864 hac
554 4801 666 4864 fabula
685 4800 939 4882 septenarioram
964 4823 1064 4884 genus
1089 4806 1274 4885 computum

152 4901 281 4972 admittit.
329 4907 414 4973 Nam
445 4908 583 4991 primum
613 4930 684 4972 cum
715 4908 799 4971 inter
828 4931 853 4973 v.
879 4909 1088 4975 50081539
1118 4909 1150 4971 in
1183 4909 1274 4972 Pala-
