2910 5528
107 39 1105 305 -

154 715 297 764 tos-269
634 709 820 766 APPENDIX
1233 711 1296 775 139

244 875 297 925 268
307 886 361 940 sqq.
381 869 430 925 Sic
446 870 532 925 edidit
549 869 579 923 m
597 871 732 926 moutam
751 872 883 926 traditum
901 872 1024 926 ordinari
1040 886 1065 926 o.
1080 874 1198 940 26469..-

280 950 360 1005 Ndnc
378 953 408 1005 et
426 949 515 1004 amico
534 950 702 1020 prosperabo
723 951 752 1005 ot
769 950 852 1020 ginio
872 967 933 1005 meo
953 950 1043 1006 multis
1062 949 1137 1006 bona
1154 949 1266 1006 faciam.

279 1028 353 1084 me
371 1026 463 1084 amico
482 1028 589 1084 homini
607 1029 696 1084 bobus
715 1029 829 1084 domitis
848 1046 911 1085 mea
929 1033 963 1085 lx
982 1030 1108 1085 crumina
1125 1030 1243 1101 lirgiar:

283 1109 338 1164 Diu
357 1125 412 1179 quo
430 1108 503 1164 beno
521 1111 594 1177 orat,
614 1108 659 1163 die
678 1111 733 1163 dno
752 1109 904 1165 sbsoluom.
933 1111 1031 1167 tdxtsx
1049 1112 1129 1179 tsrgo
1149 1109 1204 1165 erit
1221 1113 1297 1166 met:

792 1208 848 1245 non
867 1207 944 1247 curo:

280 1270 354 1325 Nam
371 1269 400 1323 td
419 1269 531 1324 demum
550 1268 703 1341 lopiddmst
720 1287 741 1325 e.
756 1289 780 1340 q.
794 1286 815 1326 s.

161 1353 214 1408 Vbi
230 1369 256 1408 o.
272 1356 323 1406 263
347 1349 407 1405 Hbc
430 1349 520 1406 smicb
544 1367 608 1405 mco
631 1367 682 1406 scr.
708 1350 853 1420 Vsoinoius
875 1353 950 1421 (moa
971 1353 1053 1406 Nduc
1077 1352 1167 1407 amico
1190 1353 1298 1408 htmini

152 1433 308 1497 samuel),
326 1429 402 1484 bona
420 1429 512 1483 multa
529 1432 593 1485 troi.
613 1431 731 1486 Bottius
750 1432 795 1500 (cf.
816 1432 945 1487 Klotsius
959 1449 988 1500 p.
1004 1434 1087 1501 259),
1110 1450 1135 1489 o.
1154 1438 1206 1487 254
1225 1431 1297 1487 Nam

154 1512 249 1567 amico
273 1526 335 1565 caui
358 1509 472 1576 Botbio,
495 1508 602 1564 homini
624 1511 713 1566 bobus
737 1509 852 1566 domitis
874 1528 935 1566 cum
960 1512 1116 1568 Camerario
1134 1511 1164 1566 Β
1181 1512 1297 1582 (bomini

153 1592 226 1647 delet
242 1594 348 1646 emoto
366 1587 448 1644 Nunc
465 1589 678 1659 Kampmarmus
700 1593 733 1645 rte
751 1603 792 1641 ΕΧ
805 1609 901 1660 praep.
922 1609 952 1660 p.
973 1597 1009 1646 10
1032 1609 1091 1647 cam
1110 1592 1194 1661 ΡΖ),
1218 1593 1298 1646 Nunc

153 1671 249 1733 omisa
267 1668 377 1725 homini
395 1668 446 1723 bus
465 1668 587 1724 domitos
607 1670 767 1742 Sperspelias
786 1671 872 1739 ‘Refi'
889 1689 919 1742 p.
939 1675 994 1726 388
1012 1673 1147 1741 probante
1169 1673 1298 1743 Vssiupio

155 1751 215 1820 (sed
238 1748 337 1818 boues)
359 1749 537 1819 Zauderoque
560 1752 606 1818 (cs.
631 1752 668 1805 od
689 1768 713 1804 o.
732 1753 812 1819 259),
830 1749 859 1806 b.
879 1757 931 1805 255
954 1768 1010 1820 quo
1033 1750 1104 1806 bans
1125 1752 1164 1806 sit
1181 1752 1299 1806 Bottius

155 1830 204 1899 (es.
223 1829 363 1884 dabertus
382 1827 501 1884 ‘Tidslm
521 1830 543 1895 s.
560 1830 611 1896 fil)
631 1829 683 1882 IX
696 1847 725 1898 p.
745 1836 799 1886 190
808 1836 866 1901 sp).
896 1830 971 1900 quod
993 1830 1065 1886 bene
1089 1830 1143 1886 crit
1165 1833 1231 1886 mire
1254 1848 1298 1887 ea·

151 1909 268 1980 plicatis
290 1908 451 1978 Spmoelius
472 1908 501 1963 Τ.
521 1909 562 1963 Μ.
584 1909 616 1964 P.
633 1926 663 1979 p.
683 1915 718 1964 44
741 1912 787 1978 (cf.
814 1912 965 1966 Muellerus
989 1911 1068 1966 Pras.
1088 1910 1299 1982 adolasia).

156 1989 238 2060 quod
258 1993 304 2059 (=
317 1993 384 2058 quo)
407 1989 479 2043 bona
498 1988 552 2043 erit
570 1990 707 2059 Beralrius
727 1990 839 2046 ‘Beitr’
857 2009 886 2060 p.
902 1995 939 2045 58
956 1991 1003 2057 (cf.
1023 1992 1090 2046 ibid.
1107 2008 1136 2060 p.
1153 1994 1206 2046 145
1219 1993 1304 2060 adu).

156 2085 216 2139 quo
236 2071 307 2124 bono
327 2069 382 2123 orit
398 2085 460 2125 cum
477 2069 576 2124 Dousa
594 2076 618 2124 et
637 2072 663 2123 A
683 2070 769 2141 [quod
788 2070 1012 2126 ‘coadorandum
1029 2072 1117 2141 mapis
1135 2087 1217 2139 quam
1236 2087 1305 2125 com-

155 2149 376 2206 memorandum’
401 2151 520 2205 duxerat
543 2149 572 2203 ll
591 2153 681 2221 praef.
704 2169 732 2220 p.
753 2150 842 2222 XIV]
867 2148 1019 2219 Laupeuus
1041 2150 1120 2205 Stud.
1144 2151 1189 2205 Pl.
1211 2166 1241 2219 p.
1262 2155 1306 2216 66,

156 2230 207 2285 dic
226 2228 374 2285 obsoluom
392 2246 448 2284 uno
466 2230 617 2285 Muellerus
632 2235 742 2301 12403,
767 2232 847 2298 tergo
867 2245 929 2284 msa
949 2228 1003 2282 erit
1018 2227 1200 2283 Camerarius.
1226 2231 1306 2297 tergo

157 2310 216 2366 orit
235 2310 366 2381 Grrydus.
404 2307 527 2365 Ueterum
549 2311 575 2365 si
597 2327 722 2366 versuum
746 2312 813 2365 ordo
831 2309 981 2364 mutaudus
1003 2312 1053 2377 sit,
1075 2310 1167 2364 nescio
1185 2325 1224 2363 au
1242 2309 1308 2364 talis

157 2390 343 2458 wnfmalt'lt
356 2394 491 2459 practici:

285 2471 359 2525 Nam
376 2471 429 2525 hbc
444 2472 590 2538 argentum
605 2469 707 2525 abitas
721 2469 804 2525 alibi:
826 2469 912 2524 boues
926 2484 995 2538 quos
1009 2485 1130 2524 amorem
1146 2473 1201 2523 nto
1216 2471 1304 2524 crant.

288 2549 369 2604 Ndnc
388 2565 451 2604 meo
469 2549 577 2604 homini
595 2550 669 2605 blnis
689 2550 805 2606 domitis
824 2566 887 2604 mes
906 2551 940 2602 lx
959 2548 1086 2604 crumina
1102 2547 1223 2618 largiar:

289 2616 380 2686 Victo
398 2629 489 2683 amico
507 2631 680 2699 prbspsrsbo
699 2632 728 2684 st
748 2630 830 2700 ginio
850 2645 911 2685 meo
931 2629 1022 2683 multi
1041 2627 1115 2682 bons
1133 2626 1242 2682 sociam.

289 2709 344 2764 Diri
363 2707 411 2779 qui
430 2708 501 2763 bene
520 2709 584 2779 erit,
610 2710 655 2765 dis
674 2715 730 2766 dno
752 2710 905 2765 absoluam.
938 2710 1036 2763 tdxtax
1055 2710 1136 2777 tergo
1155 2706 1210 2762 erit
1228 2712 1306 2762 mco:

800 2807 856 2844 non
876 2806 951 2845 curo.

288 2871 361 2924 Nam
379 2869 408 2922 id
428 2869 541 2924 demum
560 2869 713 2938 lapiddmst
731 2887 753 2924 c.
768 2887 791 2938 q.
806 2886 827 2924 s.

158 2952 240 3006 Nam
252 2952 293 3004 sic
306 2955 331 3004 et
344 2951 480 3006 octonarii
492 2967 547 3006 sese
560 2952 702 3021 accipiunt
715 2958 740 3006 ct
754 2950 828 3005 binis
843 2949 958 3003 domitis
975 2949 1070 3002 melius
1083 2966 1110 3003 sc
1123 2949 1201 3003 babet
1215 2950 1308 3003 statim

156 3036 224 3102 post
244 3030 330 3084 boues
348 3047 372 3083 o.
388 3034 447 3086 262
466 3037 491 3085 et
509 3031 590 3085 Nunc
607 3033 678 3084 male
695 3031 839 3099 repetitum
857 3031 956 3098 optime
972 3028 1128 3098 explicatur
1141 3028 1243 3097 (Vncto
1254 3044 1307 3096 pro

158 3111 245 3164 Nunc
268 3114 311 3164 et:
339 3111 373 3175 cf.
399 3110 509 3181 ‘laute’)
533 3116 558 3166 et
581 3110 672 3165 amico
692 3127 746 3180 pro
771 3125 834 3164 meo
857 3110 966 3163 illatum
989 3112 1052 3177 (quo
1075 3124 1199 3163 reuocare
1218 3109 1308 3176 possis

155 3205 311 3262 pronomem
324 3207 348 3244 o.
358 3193 415 3244 263
429 3192 460 3244 iu
475 3191 565 3245 BOD
578 3207 738 3245 cacurreus:
752 3191 787 3256 cs.
800 3189 868 3243 ‘Lit
881 3188 1037 3247 centrata)
1054 3206 1079 3242 a.
1092 3192 1166 3243 1890
1174 3203 1204 3256 p.
1217 3190 1307 3242 1377.-

158 3271 210 3325 ubi
228 3285 298 3338 quae
317 3270 380 3324 diui
398 3270 430 3324 de
448 3272 490 3336 A,
510 3271 600 3324 codice
617 3271 715 3323 iterum
733 3271 854 3338 iuspecto
872 3271 965 3337 muco),

252 3354 313 3405 266.
332 3348 478 3419 triparcos,
499 3348 635 3416 homines,
654 3349 773 3418 ustulos,
792 3348 885 3404 aridos
902 3350 1026 3419 copem
1039 3346 1092 3403 oms
1105 3349 1217 3404 auidos:
1237 3347 1304 3403 ‘uon

157 3430 262 3500 inepte’
283 3430 374 3484 iud-icc
387 3428 426 3498 R,
444 3431 493 3498 qui
506 3434 596 3483 tamem
610 3429 754 3498 triparcos,
776 3431 894 3496 uetulos,
915 3430 1022 3497 auidos,
1041 3430 1133 3484 aridos
1152 3431 1202 3483 del.
1218 3428 1307 3483 homi·

164 3527 217 3566 nes
236 3526 298 3565 cum
315 3509 416 3564 Bottia
431 3510 573 3578 praetulit.
604 3508 725 3564 Ceterum
744 3511 826 3565 ardos
845 3510 943 3564 auidos
963 3510 1111 3580 Seyffertus
1128 3510 1247 3579 scripsit,
1267 3510 1308 3562 ia·

160 3591 295 3646 amulio,
332 3589 412 3655 Delo,
427 3595 490 3658 post
508 3589 599 3643 ardos.

252 3674 314 3724 lt'l.
334 3668 408 3722 Blns
427 3667 548 3723 morderi
563 3670 692 3740 Guyetus.
717 3669 792 3724 Bene
812 3670 976 3723 bdmordere
992 3667 1034 3721 b'l:
1053 3670 1087 3735 cs.
1104 3670 1310 3725 Studemuadus

160 3753 196 3806 dc
209 3755 284 3805 caut
295 3765 325 3817 p.
340 3753 385 3814 72,
404 3748 554 3803 Muellerus
568 3751 645 3805 I'ros.
657 3766 687 3819 p.
698 3754 765 3815 285,
783 3749 923 3803 tt'tmeras
941 3750 974 3803 de
987 3755 1058 3803 caut.
1070 3767 1100 3818 p.
1116 3755 1161 3817 55,
1178 3750 1309 3804 Kloteius

158 3849 191 3902 p.
208 3833 253 3885 73.
269 3859 302 3869 -
323 3828 407 3882 dente
422 3845 476 3897 pro
495 3829 565 3883 bone
586 3831 628 3883 ‘iu
643 3830 744 3898 priscis
762 3829 964 3896 exemplaribus
982 3829 1047 3896 lepi’
1067 3829 1138 3882 Pius
1155 3831 1259 3883 scribit.
1273 3859 1309 3868 -

160 3908 215 3980 qui
241 3907 407 3962 alimentum
427 3907 505 3961 Pius.
543 3908 591 3977 qui
615 3909 701 3962 olium
724 3907 857 3977 Pylades:
880 3909 953 3960 uude
975 3906 1023 3974 qui
1048 3906 1145 3961 allium
1167 3908 1310 3960 Meursius

160 3990 266 4045 Exere.
287 4006 323 4043 cr.
340 3989 361 4041 I
375 4005 404 4056 p.
419 3992 489 4052 215,
507 3989 556 4057 qui
575 3988 703 4043 olliatum
722 3986 848 4041 Botltlus.

255 4073 316 4123 268.
339 4067 432 4121 Virtus
451 4069 495 4121 est
512 4068 561 4121 ubi
580 4069 692 4136 tempus
711 4068 808 4121 monet
826 4065 947 4136 (Impetus
966 4068 1033 4131 (mou
1052 4063 1149 4117 Virtrts
1168 4064 1230 4132 est).
1267 4065 1310 4118 Dc

164 4149 281 4204 Virtust
303 4149 449 4203 dubitabat
466 4148 647 4202 Buechelerus
665 4149 698 4202 cte
715 4147 781 4200 dccl.
797 4162 826 4212 p.
843 4150 874 4212 5,
896 4146 968 4198 uude
987 4143 1156 4200 Virtus
1172 4144 1310 4211 dispicere

161 4231 207 4282 est
229 4228 389 4294 temptabat,
412 4242 469 4280 moa
494 4227 696 4280 commendabat
717 4226 868 4279 Muellerus
886 4225 964 4278 Pros.
980 4241 1009 4292 p.
1025 4228 1088 4277 366.
1127 4223 1311 4277 Studemuudi

160 4307 289 4374 artificia
307 4308 423 4375 explosit
440 4307 561 4361 Briaius
579 4307 683 4360 Aaual.
699 4307 767 4375 pbil.
784 4303 858 4359 XOI
870 4322 899 4373 p.
915 4307 957 4358 73.
997 4301 1119 4357 &mrum
1138 4301 1232 4357 ocosIo
1252 4319 1311 4357 vcro

160 4387 282 4443 scribere
309 4387 340 4439 D
362 4387 483 4455 putabat
507 4385 537 4439 Il
567 4387 608 4440 ‘at
637 4386 746 4439 ocultus
774 4391 799 4440 ct
827 4386 885 4439 alia
913 4384 1046 4453 quaedam
1075 4383 1107 4436 irs
1130 4384 1205 4438 Prot.
1231 4384 1309 4437 Tria.

157 4485 191 4537 p.
212 4464 351 4521 CXXIV
369 4467 500 4536 aeplecta'
526 4467 572 4537 [cf.
594 4467 630 4519 ad
651 4465 744 4519 Trim⁸
762 4482 785 4520 o.
807 4464 873 4534 664]
897 4464 1011 4532 itemque
1035 4462 1175 4531 dispocere
1195 4464 1223 4518 Β
1243 4463 1311 4529 ‘for-

161 4553 238 4602 tasse
255 4563 329 4613 aere,
346 4551 378 4600 ut
396 4548 506 4600 attonat
524 4546 559 4616 [o.
579 4546 647 4615 235]
668 4562 729 4600 cum
747 4544 903 4598 similibus’.
941 4543 983 4610 Cf.
1003 4543 1134 4598 Klotsius
1148 4561 1178 4612 p.
1194 4548 1237 4598 74.

258 4630 318 4680 269.
339 4623 448 4679 iubebit
466 4625 545 4680 caedi
565 4624 659 4678 uincla
676 4624 806 4695 Gayetas.
832 4622 912 4676 caedi
931 4621 1053 4690 idsserit,
1072 4623 1185 4692 pedicis
1201 4622 1231 4676 B
1247 4641 1311 4692 pro·

160 4707 249 4762 baute
267 4705 404 4759 Loremtr'o
422 4705 523 4761 Philol.
544 4704 695 4759 XXVIII
706 4722 736 4773 p.
756 4708 817 4759 359.
852 4720 874 4757 c.
894 4703 976 4757 idssit
994 4704 1141 4772 compedis
1161 4703 1312 4759 Muellerus

158 4787 262 4855 all?
270 4785 336 4838 adu.
356 4799 379 4840 c.
392 4784 505 4838 idsserit
515 4785 663 4853 compidos
676 4785 711 4837 W
710 4801 827 4855 apuerus
837 4784 949 4838 Aulul¹
956 4801 986 4852 p.
997 4782 1169 4852 LXXVII,
1180 4783 1310 4838 Kloteius
