2910 5528
149 314 210 375 156
620 307 804 362 APPENDIX
1145 314 1254 364 dli-eol

236 478 296 526 629.
317 474 415 541 optutu
443 475 474 524 ul
502 470 623 524 euenant
651 484 764 537 operum
788 467 915 523 Bellias.
953 470 1054 537 optata
1075 470 1105 523 ul
1129 472 1259 524 sonuerunt

148 569 260 622 operam
281 550 316 605 R.
355 553 386 604 ut
405 552 503 619 optata
521 546 673 604 obueniunt
691 563 804 616 operam
824 546 863 604 S.

238 637 298 685 630.
310 629 470 683 etiamdum.
483 627 553 690 lubi
564 627 726 697 (oisellum.
738 628 817 696 lubl)
828 628 980 683 Muellerum
990 627 1067 683 Ros.
1076 645 1104 697 p.
1112 631 1177 684 622.
1189 627 1260 683 elium.

150 710 237 772 leubi
257 712 286 764 ln
307 710 403 779 Opnse.
422 710 489 777 phil.
507 710 568 762 111
574 726 604 777 p.
621 713 681 762 110.
708 708 779 762 Mox
797 707 935 775 inquilina
949 707 1068 776 Lipsius
1080 706 1146 764 Anl.
1159 709 1262 765 lerill.

238 796 337 857 633sq.
364 789 445 857 copia
468 793 512 842 est
534 786 691 856 eopissime.
715 785 833 840 Tsoiuel
855 786 919 841 leno
938 785 1097 842 Acidaliae.
1133 787 1207 858 copis
1224 791 1262 841 esi

149 870 297 926 scitissime
316 868 434 922 Tactust
451 867 515 921 leno
535 869 605 921 idem
622 868 766 936 recipiente
785 865 814 920 Ἠ
833 867 893 935 (nbi
909 869 1026 936 passim
1045 864 1214 935 scilianum,
1227 866 1264 921 Le

149 951 215 1020 pide
234 948 303 1003 lusil
321 949 465 1002 eanianail
484 947 667 1013 Ijsendijlrias
681 965 711 1016 p.
731 951 815 1015 eosq.
832 946 882 1000 del.
892 963 928 1001 a.
947 949 1019 1013 6³4).
1054 945 1138 1014 copia
1154 952 1194 1003 en
1208 947 1265 1016 supi·

149 1030 281 1084 diesuma.
302 1028 332 1081 T.
353 1028 371 1082 l.
388 1027 522 1082 Gruterus
536 1028 686 1096 plaudente
699 1026 807 1080 Ballio.
834 1025 945 1094 copiast
962 1024 1154 1095 lepidissums.
1172 1025 1200 1082 Τ.
1216 1024 1266 1080 15

150 1109 213 1163 olim
238 1107 319 1177 (prad
341 1106 397 1171 snit
420 1121 480 1158 eam
502 1106 534 1159 in
556 1107 616 1174 ipso
634 1107 661 1158 A
685 1111 776 1159 extare
800 1106 956 1173 wactas).
994 1105 1042 1161 Aa
1065 1107 1267 1176 saepissume.

150 1187 393 1244 humanissime.
416 1184 477 1239 XV
488 1202 518 1253 p.
538 1190 585 1253 80,
599 1190 616 1238 5
631 1185 667 1238 Η.
688 1185 734 1254 (cs.
758 1186 817 1237 ΙΙΙ
830 1202 860 1254 p.
880 1189 994 1254 90,11).

239 1272 297 1320 695.
316 1265 437 1334 patrium
456 1280 559 1332 quaero
578 1264 632 1337 <ex
650 1264 701 1337 ie>
719 1281 790 1333 quse
811 1265 848 1318 sit
866 1265 915 1319 iau
932 1265 974 1319 ael
992 1280 1097 1335 quaeso
1116 1265 1200 1339 (dic)
1214 1282 1271 1335 quse

150 1345 186 1400 sit
204 1348 253 1399 tua
271 1343 303 1398 Β
321 1345 388 1398 duee
405 1344 440 1398 A.

239 1431 298 1478 639.
318 1427 402 1492 alque
429 1422 543 1492 quidem
572 1423 686 1479 miseret
708 1425 833 1480 Bolliins.
871 1425 950 1494 atqui
976 1440 1021 1480 me
1045 1426 1162 1482 miseret
1182 1427 1224 1482 B:
1246 1428 1273 1493 ei.

154 1507 259 1574 Prolep.
282 1504 357 1558 Tm'n
374 1522 404 1573 p.
424 1503 596 1570 LXXVII,
619 1505 719 1559 Baiias
741 1506 774 1558 de
793 1506 894 1573 partic.
915 1507 1002 1573 copul.
1019 1523 1048 1575 p.
1067 1510 1105 1561 35
1124 1506 1274 1574 adn.,1lie

152 1587 258 1641 beslius
276 1585 309 1638 de
323 1585 423 1652 partie.
436 1601 457 1652 p
477 1589 514 1638 40
528 1587 636 1652 eiusque
650 1601 743 1639 censor
759 1585 862 1653 ‘philol
877 1585 960 1639 Ans!
973 1586 1014 1639 ΙΙ
1026 1604 1054 1654 p.
1067 1591 1133 1652 394,
1152 1587 1276 1641 Iordanes

152 1666 226 1718 ‘leil
245 1663 345 1718 Beier?
362 1680 391 1731 p.
412 1668 476 1731 331,
494 1665 614 1718 Baierns
629 1683 658 1733 p.
678 1670 723 1731 43,
741 1666 777 1718 al.
809 1665 943 1719 ‘Ceteram
960 1665 1035 1721 lenna
1051 1684 1076 1721 o.
1096 1673 1123 1721 ei
1136 1669 1276 1735 proriam

151 1746 217 1798 lalus
235 1740 371 1810 somnabal
386 1744 546 1798 Acidaliae:
566 1743 637 1798 DOR.
658 1744 700 1798 liu
719 1760 763 1798 me
778 1743 817 1796 dii
831 1745 901 1798 bene
916 1746 1020 1813 ament,
1040 1746 1189 1814 sapienter.
1207 1750 1276 1815 alque

154 1823 281 1892 equidem
306 1823 430 1877 miseret:
456 1826 550 1877 tamen
572 1825 581 1891 ΙΙ
604 1823 703 1893 Virgo,
727 1839 799 1893 quae
822 1822 916 1892 patris
940 1828 984 1879 est
1002 1827 1069 1878 luu‘l
1091 1842 1146 1895 age
1168 1828 1277 1880 actutum

152 1901 259 1971 expedi.
280 1901 350 1971 quid
369 1919 441 1955 nune
460 1904 555 1957 iaces?
580 1904 743 1958 Praestabal
761 1904 867 1958 sallem:
884 1902 934 1958 Το.
955 1904 998 1958 lm
1014 1906 1218 1974 ..sapientem
1237 1905 1277 1959 Do.

151 1983 231 2051 alqui
249 1999 293 2037 me
312 1983 426 2036 miseret
444 1982 571 2050 quidem:
591 1983 640 2037 Set
658 1987 765 2038 temen.
777 2025 783 2038 .
795 2027 800 2037 .
812 1983 863 2038 .mi
883 1985 1011 2038 aetatum
1030 1984 1143 2054 expedi’
1164 1984 1200 2039 il.

102 2102 108 2111 .
241 2070 300 2116 641.
326 2062 397 2128 Quid
426 2065 520 2116 taces?
549 2065 599 2118 dei.
628 2064 742 2118 ll'eieins
771 2069 857 2118 celera
883 2080 917 2117 en
942 2063 971 2116 P
993 2080 1167 2120 servans-
1191 2065 1279 2119 Balleia

152 2142 350 2212 Riischeliaqae
364 2143 433 2196 male
448 2144 605 2198 adrnsmns
620 2150 657 2197 esl
672 2144 831 2213 Spenpelias
848 2143 878 2197 T.
890 2144 930 2197 M.
942 2144 975 2199 Ρ.
985 2161 1016 2213 p.
1028 2150 1064 2199 77
1078 2146 1125 2214 (cf.
1141 2146 1278 2201 Malene

148 2239 178 2290 p.
202 2224 268 2289 214)
294 2223 423 2291 peleusque
451 2222 595 2291 Vesinpins
623 2225 666 2290 (cs.
696 2224 843 2293 Seyffertns
871 2240 938 2277 curs.
966 2242 992 2292 p.
1019 2226 1085 2293 391)
1116 2223 1189 2290 Quid
1214 2228 1278 2278 luces

152 2301 291 2371 petriam?
312 2300 450 2366 liQuando
470 2303 582 2370 quidem
602 2303 647 2357 hio
667 2306 795 2371 inferens.

241 2386 300 2435 642.
320 2380 443 2435 Tandem
471 2382 542 2436 istuc
566 2399 664 2451 rogere
688 2385 829 2439 Abraham
853 2384 931 2440 send.
957 2384 1002 2437 Pl.
1023 2402 1053 2453 p.
1072 2387 1131 2439 933
1151 2386 1280 2453 recipiente

157 2461 296 2531 Vesinpia:
323 2464 371 2530 qai
398 2464 424 2518 ei
447 2470 514 2517 reete
537 2464 713 2530 offendissent
735 2465 766 2517 in
788 2469 940 2530 structura,
962 2480 1019 2517 nan
1039 2464 1171 2518 debebant
1188 2470 1280 2517 mulae

149 2542 318 2610 particulam
336 2544 415 2597 nnice
434 2548 536 2611 aptam,
553 2545 599 2597 sed
617 2545 689 2597 velat
709 2545 765 2596 lam
783 2544 819 2598 de
837 2543 910 2597 istoc
928 2559 1084 2598 sermonem
1102 2545 1161 2598 coll.
1178 2543 1279 2598 Mostell.

150 2626 205 2676 897
214 2639 251 2690 sp.
272 2622 443 2691 Quamquam
463 2623 569 2692 ‘rapere
587 2624 619 2677 de
638 2624 733 2691 aliqua
751 2623 790 2676 re’
810 2624 859 2678 via
877 2624 1044 2691 displicebit,
1062 2625 1089 2676 el
1109 2624 1205 2677 nubem
1219 2623 1278 2676 lora·

154 2703 259 2755 limiam
272 2703 405 2756 similium
419 2705 533 2771 itemque
546 2720 580 2757 ea
590 2709 671 2771 paris
684 2704 869 2773 sinpnlan'nm
879 2703 1091 2771 perlaslraoeris
1103 2705 1180 2772 apud
1190 2704 1278 2770 Kamp-

153 2798 283 2834 mannam
297 2784 330 2836 de
340 2799 436 2852 praep.
453 2796 492 2834 ar
504 2790 528 2838 el
543 2795 582 2834 er
592 2801 620 2851 p.
632 2788 712 2838 0-9.
727 2815 755 2822 -
767 2783 842 2838 nolle
858 2799 918 2836 eam
933 2781 1010 2849 loqui
1023 2783 1152 2853 Pylades.
1174 2784 1279 2839 &aaa

153 2878 207 2912 aon
226 2860 304 2914 uides
322 2862 396 2916 nolle
416 2863 508 2931 eloqui
527 2866 552 2917 si
567 2881 620 2932 pra
636 2865 792 2931 parenthesi
806 2865 936 2931 accipias,
954 2879 1062 2917 servare
1074 2865 1165 2931 possis
1179 2862 1279 2917 induem

153 2957 212 2993 cnm
231 2957 329 3009 rogare
349 2944 448 2995 omitte
467 2946 682 3012 sanianpendraa
705 2960 758 2998 aean
777 2944 898 2996 abstante
917 2960 954 2995 se.

242 3026 301 3072 644.
322 3022 371 3074 sed
395 3023 468 3089 quod
493 3024 592 3076 habuit
615 3023 738 3092 perdidit
760 3023 820 3090 (del.
846 3023 884 3082 idi
909 3021 1026 3076 Ballrins
1048 3024 1231 3090 prodonamus
1252 3021 1281 3079 il.

154 3099 288 3154 diuellere
303 3119 331 3168 p.
348 3106 411 3168 129,
426 3103 462 3155 al.
475 3134 506 3142 -
520 3105 591 3157 Mon
610 3104 646 3157 ad
660 3103 714 3156 erii
729 3104 787 3156 ride
801 3102 955 3156 Bentleinm
970 3103 1000 3155 in
1018 3102 1079 3157 Ter.
1088 3103 1166 3158 Ean.
1176 3105 1198 3158 Ι
1202 3104 1252 3160 Vs.
1260 3110 1280 3155 0.

154 3210 184 3217 -
207 3180 276 3232 Mea
294 3196 396 3249 genere
415 3184 503 3250 gustu
522 3183 645 3236 Nori-ias
665 3183 763 3250 Opnec.
782 3182 803 3234 1
813 3199 842 3250 p.
863 3186 925 3235 189.

242 3265 300 3313 647.
321 3259 452 3315 Miserum
473 3263 503 3315 et
521 3279 565 3315 me
585 3260 626 3315 ll.-
645 3267 675 3315 al
693 3263 728 3328 cf.
749 3261 897 3315 Muellerus
911 3277 941 3329 p.
962 3264 1024 3315 504.

242 3344 301 3392 618,
322 3341 380 3393 ‘An
394 3341 536 3408 quoiurodi
551 3340 627 3407 fail?
642 3342 703 3395 vide
715 3341 787 3394 Mae
794 3340 889 3409 philol.
901 3346 919 3394 l.
934 3340 1015 3393 VIII
1016 3359 1046 3409 p.
1059 3343 1126 3397 307’
1140 3344 1187 3409 (=
1198 3343 1283 3411 (lpum.

149 3420 219 3486 plril.
239 3420 321 3489 Hp.
343 3423 410 3490 72⁷)
429 3420 470 3475 R.-
493 3423 533 3475 sie
556 3423 712 3475 Brandlias
735 3423 767 3475 cle
790 3438 840 3490 pen
864 3439 893 3489 p.
913 3425 1006 3475 415¹.—
1027 3423 1073 3474 est
1096 3420 1125 3474 in
1149 3420 1283 3491 populeis

154 3498 267 3553 habitus
285 3501 411 3556 Balla'as.
449 3502 477 3554 in
501 3502 604 3570 populo
628 3507 671 3555 est
695 3501 718 3554 is
737 3499 849 3554 habilae
869 3501 1083 3568 Kampmannns
1102 3503 1135 3557 de
1154 3514 1189 3553 ω’
1204 3518 1284 3571 praep.

151 3597 177 3645 p.
195 3584 239 3634 12.
259 3580 283 3632 is
302 3581 330 3634 in
351 3582 482 3650 populosi
501 3581 612 3635 habitus
628 3580 811 3648 Ijsendijleins
824 3597 855 3648 p.
871 3585 919 3632 41:
938 3580 987 3634 aba·
1005 3582 1079 3635 inter
1093 3583 1117 3636 is
1132 3588 1158 3636 st
1173 3584 1200 3636 in
1217 3584 1284 3636 iuer.

152 3657 197 3710 dic
212 3659 241 3710 R
255 3662 301 3726 (as.
317 3660 451 3715 Beckerns
466 3664 496 3714 ia
512 3662 630 3715 s'talem.
646 3662 724 3714 Slnd.
742 3660 761 3711 I
772 3677 801 3727 p.
813 3661 889 3726 145),
909 3658 986 3713 domi
1002 3659 1170 3717 Weidnemls
1185 3664 1286 3718 Adeas.

148 3757 176 3807 p.
197 3744 224 3806 8,
244 3756 293 3793 suo
312 3742 352 3793 rel
371 3740 410 3793 ibi
430 3742 481 3793 alii
499 3742 575 3809 apud
597 3739 761 3809 Vesinpinm.

241 3824 300 3872 650.
322 3820 410 3884 Quum
429 3837 515 3889 prope
535 3822 610 3889 ipsus
630 3821 754 3889 perditus
773 3822 815 3873 esi
834 3820 988 3874 Acidaliae.
1027 3818 1121 3883 Quom
1142 3822 1221 3891 ipsus
1238 3840 1289 3892 per·

152 3899 226 3950 ditus
246 3900 333 3966 probe
354 3905 395 3952 est
415 3901 538 3954 Bellias.
578 3899 666 3965 Quom
688 3901 766 3968 ipsus
785 3915 902 3968 propere
922 3899 1063 3968 perditust
1081 3899 1248 3973 Spenpelins
1265 3901 1290 3954 Τ.

153 3979 195 4030 Μ.
216 3979 247 4028 1'.
267 3995 294 4045 p.
310 3983 345 4031 39
365 3981 487 4047 itemque,
505 3983 550 4034 sed
569 3997 692 4049 prosum,
711 3980 861 4033 Muellerus
875 3995 904 4046 p.
919 3982 986 4033 208.
1013 3977 1106 4043 Quom
1122 3981 1203 4049 ipsus
1217 3999 1292 4052 prope

152 4056 327 4122 deperditust
346 4060 481 4130 Berplrins
502 4064 599 4128 Opesse
615 4060 635 4111 Ι
649 4076 678 4128 p.
695 4063 756 4113 079.
790 4058 831 4124 Of.
847 4058 1018 4112 Lnebderlns
1032 4057 1116 4113 Sinai.
1132 4078 1249 4129 proaem.
1263 4061 1295 4114 ll

147 4152 175 4200 p.
194 4139 257 4190 244.

240 4222 299 4267 651.
322 4217 413 4270 Etiam
433 4218 609 4274 Camerarius
627 4220 729 4272 sitisse.
759 4219 857 4271 Emam
876 4234 928 4287 ego
948 4217 1083 4288 (lapsas.
1119 4220 1225 4277 Eurum
1244 4239 1295 4276 eum

152 4289 180 4339 'R
205 4293 373 4357 improbante
391 4297 497 4351 Basilia
520 4301 551 4352 in
575 4299 695 4353 Student.
715 4298 792 4354 Sinai.
813 4298 854 4349 ΙΙ
867 4314 897 4366 p.
917 4300 980 4352 399.
1020 4297 1063 4363 Of.
1086 4299 1254 4372 Spenpelins
1272 4301 1296 4354 l.

152 4368 194 4421 Μ.
217 4370 249 4421 Ρ.
265 4389 295 4437 p.
315 4378 382 4440 203,
401 4376 530 4432 Klolains
545 4396 573 4446 p.
594 4384 659 4444 129,
678 4379 714 4433 al.
