2910 5528
10 39 1016 317 -

533 650 737 748 assuerum
1126 695 1205 750 nvn

61 851 142 916 libri
167 856 300 917 tuentur
329 875 356 918 v.
380 854 445 920 196
473 859 505 919 et
528 856 607 920 248:
641 857 696 939 qui
726 857 833 941 priore
861 857 931 921 loco
960 855 1104 921 dativum
1132 879 1205 922 con-

61 959 165 1023 stanti
187 959 375 1025 testimonio
394 960 579 1041 lemuifeleui
599 960 812 1047 (lematffebni
830 960 906 1046 OD)
928 963 1075 1047 prodant,
1098 970 1203 1047 poste·

62 1067 151 1132 riore
178 1066 394 1131 accusativum
423 1088 482 1132 nac
509 1068 543 1131 in
567 1089 619 1131 am
643 1090 702 1132 ncc
726 1069 954 1134 Graecorum
978 1067 1057 1154 (non
1081 1069 1204 1156 Plauti)

61 1194 154 1238 more
176 1173 211 1236 in
233 1193 270 1237 en
294 1173 457 1256 syllabam
480 1174 669 1256 terminent,
693 1175 748 1238 sed
772 1197 842 1239 eam
866 1174 1004 1261 formam
1028 1178 1204 1260 praebeant

62 1301 147 1363 quae
168 1301 235 1346 non
257 1280 364 1362 possit
386 1301 452 1344 uon
474 1282 591 1345 tertiae
615 1280 839 1346 declinationis
863 1302 946 1364 esse,
974 1282 1201 1363 lmnifelenem.

62 1384 149 1451 Hinc
179 1407 376 1469 consequens
407 1386 471 1450 fuit
501 1391 538 1451 ut
565 1387 800 1451 nominativum
828 1387 1006 1451 faceremus
1034 1386 1201 1453 Lattman-

61 1507 174 1556 nme.
219 1490 249 1554 A
272 1495 516 1576 Λημνισεληνίς
539 1498 646 1558 autem
670 1493 721 1556 vel
744 1491 1033 1579 Λημνοσεληνίς*)
1057 1498 1200 1578 oxytouo

60 1598 125 1662 etei
156 1599 286 1682 regulae
319 1620 395 1663 sane
429 1599 655 1664 convenienter
687 1620 751 1662 nou
785 1600 832 1663 illi
860 1600 970 1682 potius
998 1622 1091 1665 casus
1119 1600 1202 1664 fiunt

60 1724 159 1786 quam
191 1701 227 1767 hi
258 1704 313 1787 qui
342 1705 377 1769 in
403 1706 492 1769 -idis
515 1707 589 1770 -ida'
610 1706 717 1770 -idem
746 1709 876 1789 exeunt,
904 1712 1013 1770 tamen
1040 1728 1107 1770 non
1133 1711 1200 1770 tam

60 1808 213 1894 angustis
241 1809 359 1874 linibus
388 1812 438 1874 vel
464 1811 520 1874 ille
547 1811 637 1876 locus
666 1812 720 1896 qui
746 1815 797 1876 est
820 1812 859 1875 de
882 1810 1043 1899 ἀναλογίᾳ
1066 1817 1098 1877 et
1120 1812 1201 1877 ἀνω-

59 1917 163 2000 μαλίᾳ
186 1916 362 1999 nominum,
386 1917 470 2000 apud
494 1917 612 1982 veteris
636 1917 809 1983 latinitatis
833 1919 1004 2000 scriptores
1026 1920 1201 2002 universos,

62 2021 113 2083 vel
132 2021 186 2085 hic
205 2021 261 2106 qui
280 2027 330 2086 est
349 2022 388 2087 de
402 2022 581 2088 formandis
595 2023 762 2088 hominum
778 2024 971 2106 nominibus,
992 2025 1076 2107 apud
1095 2024 1201 2109 ipsum

59 2125 214 2191 Plautum
237 2127 498 2213 circumscriptus
522 2133 584 2213 est,
608 2134 657 2213 ut,
682 2152 744 2213 quo
769 2152 869 2214 usque
892 2130 1041 2195 latinae
1064 2130 1201 2194 declina·

58 2233 158 2298 tionis
192 2234 390 2300 affectandae
423 2236 579 2320 studium,
611 2238 777 2320 proprium
811 2236 889 2300 illud
921 2236 1044 2320 priscae
1075 2238 1201 2318 aetatis,

59 2339 213 2424 progredi
240 2341 397 2426 potuerit,
425 2343 494 2406 sine
523 2342 649 2407 errandi
678 2343 826 2426 periculo
848 2343 999 2407 fidentius
1028 2348 1124 2426 atque
1148 2344 1201 2407 ad·

58 2445 259 2510 severantius
293 2447 434 2512 definias.
484 2446 555 2513 Hac
583 2448 683 2533 igitur
711 2449 958 2513 ratiocinatione
987 2450 1100 2514 ductus
1128 2471 1199 2514 oum

58 2552 265 2617 lemniadcai
297 2553 532 2619 Lernaeiselenim
565 2554 700 2638 formas,
734 2560 769 2619 ut
799 2555 890 2619 Theti
916 2555 1000 2619 Iriut
1034 2554 1199 2638 berytona,

57 2659 256 2723 latinissimo
276 2663 389 2742 poetae
408 2660 517 2743 tribui,
536 2683 602 2725 non
622 2683 691 2725 esse
713 2662 884 2725 verendum
904 2662 1016 2744 putavi
1035 2683 1075 2724 ne
1095 2662 1198 2744 egisse
1218 2740 1221 2745 Ι

56 2766 274 2829 inconsultius
298 2765 442 2831 viderer'.
479 2765 572 2830 Adde
594 2767 710 2850 Opusc.
729 2766 806 2850 phil.
826 2766 877 2829 Ill
900 2789 928 2850 p.
949 2766 1023 2849 319,
1047 2767 1102 2829 ubi
1126 2788 1198 2829 cum

57 2870 249 2936 Buechelari
276 2894 443 2936 assensum
471 2872 552 2938 Mus.
581 2873 682 2938 Rhen.
702 2871 762 2937 XV
793 2895 822 2954 p.
841 2873 905 2937 438
934 2875 1200 2938 commemoravit

57 2977 275 3062 Ritschelius,
311 2982 380 3043 tum
413 2978 554 3043 dubitari
587 3001 682 3063 posse
716 2978 837 3042 addidit
870 2982 978 3042 utrum
1012 3001 1031 3043 a
1063 2983 1199 3062 Λῆμνος

57 3083 190 3148 ductum
218 3106 337 3149 nomen
365 3085 424 3168 ait,
452 3089 488 3148 ut
512 3107 530 3147 a
555 3083 683 3168 Λέσβος
711 3086 832 3148 factum
861 3086 905 3148 sit
927 3087 1131 3167 Λεσβόνικος
1155 3123 1195 3131 -
1244 3129 1249 3135 -

55 3191 119 3253 nisi
142 3190 228 3255 forte
247 3190 309 3255 huc
329 3190 488 3255 adsciscas
508 3196 646 3274 Λῆμνον
664 3192 726 3272 τὴν
745 3191 891 3274 μεγάλην
910 3188 1094 3273 λεγομένην
1113 3194 1196 3255 θεόν
1326 3180 1327 3184 ’

54 3302 138 3361 teste
164 3295 331 3381 Stephano
351 3296 508 3381 Byzantio
533 3299 652 3380 p.413,
670 3298 711 3360 10
732 3296 825 3360 Mein.
847 3334 897 3381 -,
917 3320 956 3360 an
981 3295 1081 3382 (quod
1107 3320 1196 3379 prae-

56 3409 143 3468 stare
163 3400 316 3488 putabat)
336 3425 355 3466 a
373 3406 508 3485 λῆμνος,
527 3404 612 3486 quod
632 3403 693 3465 etsi
712 3425 797 3467 nurrc
812 3409 974 3467 auctorem
989 3426 1054 3467 non
1069 3404 1197 3489 habeat,

56 3515 165 3575 tamen
182 3531 199 3573 a
215 3531 248 3574 se
263 3511 481 3593 procreaverit
496 3509 727 3572 deminutivum
742 3512 921 3592 λημνίσκος
936 3508 1084 3573 formam.
1110 3509 1196 3575 Male

55 3614 232 3701 Vssingius
256 3638 328 3680 cum
353 3613 536 3680 Camerario
561 3615 687 3679 reduxit
710 3614 999 3698 LEMMSELENAM,
1029 3616 1103 3680 ‘nisi
1131 3617 1196 3681 alio

55 3744 189 3805 prorsus
212 3723 343 3786 nomine
367 3723 502 3787 Plautus
526 3744 603 3786 usus
628 3720 689 3785 sit'.
736 3720 821 3785 Nam
845 3721 1014 3787 Ritschelii
1037 3723 1195 3787 rationem

55 3830 234 3893 luculenter
257 3828 427 3893 confirmat
446 3829 486 3909 A,
510 3828 564 3911 qui
584 3849 611 3890 v.
631 3829 695 3892 248
716 3826 980 3892 Lnrmrsunnuru
1000 3827 1050 3890 vel
1069 3829 1195 3890 Laum-

56 3954 227 4019 snnnrsnm,
247 3939 282 3999 at
299 3935 387 3999 nullo
403 3934 498 3998 modo
514 3934 790 3999 annlsnnnunn
806 3935 949 4015 recipiat.
976 3933 1083 4005 Minus
1098 3935 1195 3996 etiarn

54 4042 222 4127 intellego,
242 4064 298 4106 cur
312 4040 460 4105 Klotzius
478 4063 580 4123 nuper
600 4038 835 4105 Sasernarum
856 4039 992 4102 formam
1012 4038 1107 4120 plane
1125 4039 1195 4101 bar·

54 4149 168 4213 baram
202 4147 399 4230 adhibuerit,
432 4169 513 4232 quae
545 4149 641 4211 unius
674 4147 708 4210 F
733 4142 947 4209 ‘auctoritate'
983 4144 1121 4206 nitatur!
1153 4180 1193 4187 —

53 4252 178 4317 ‘Aliam
217 4253 258 4316 ob
296 4276 443 4318 caussam
481 4275 545 4317 non
579 4253 723 4337 paullum
760 4249 970 4313 dubitationis
1004 4249 1194 4313 Dounnnvs

48 4382 170 4426 nomen
190 4359 292 4443 inicit,
311 4365 348 4425 ut
366 4360 456 4424 cuius
476 4361 688 4444 veriloquium
709 4379 838 4440 prorsus
857 4355 980 4418 nullum
996 4357 1029 4419 in
1045 4361 1195 4439 promptu

47 4469 102 4531 sit
128 4466 221 4541 Quod
244 4467 304 4530 etsi
320 4471 472 4531 constane
488 4489 545 4549 per
560 4471 663 4528 totam
679 4464 823 4526 fabulam
840 4462 1035 4544 optimorum
1052 4462 1196 4543 testium,

141 4642 169 4705 *)
189 4641 231 4693 Dc
255 4642 266 4692 i
289 4657 339 4709 pro
363 4658 379 4695 o
403 4641 465 4693 vide
484 4637 693 4692 Fleckeisenum
714 4637 784 4688 Mus.
805 4637 891 4688 Rhen.
909 4635 973 4687 Vlll
991 4654 1017 4704 p.
1034 4642 1097 4702 228,
1124 4637 1194 4690 Anu.

40 4721 119 4793 phil.
137 4719 276 4774 CXXXIII
296 4738 322 4788 p.
338 4726 389 4773 263
405 4721 468 4774 adn.
495 4724 523 4772 ct
547 4716 728 4770 Ritsclrcliunr
755 4715 860 4784 Opusc.
880 4715 947 4784 phil.
964 4715 987 4766 ll
1012 4735 1038 4785 p.
1055 4722 1106 4770 488
1122 4717 1194 4783 adu,

35 4803 81 4858 III
104 4821 133 4871 p.
152 4805 214 4863 315,
230 4800 266 4853 al.

96 4900 200 4938 Pnnvrr
215 4899 293 4937 Prusa
965 4886 982 4939 b
