2910 5528
750 40 765 99 I.

821 161 830 164 ..
862 150 914 165 -ι

34 234 120 255 Qut*

534 722 735 813 PunquTlo
1172 727 1209 780 IX

68 887 175 955 medlo
203 882 414 974 quaternione
442 885 613 972 LXXIIII,
641 887 696 952 sed
723 887 758 951 in
780 885 900 952 LXXV
930 887 1058 952 demum
1085 888 1209 973 incipit

67 994 117 1061 Vt
134 993 368 1080 propemodum
386 993 534 1059 videatur
552 993 713 1076 librarius,
731 1015 795 1077 quo
813 1016 916 1059 novae
935 994 1065 1059 fabulae
1082 995 1210 1059 initium

69 1126 90 1167 a
107 1124 194 1168 novo
213 1100 423 1186 quaternione
441 1101 542 1185 fieret,
562 1099 641 1165 illud
661 1100 808 1165 consulto
828 1099 1001 1185 aliquoties
1021 1100 1210 1185 instituisse,

68 1214 108 1274 ut
131 1208 182 1274 vel
206 1208 352 1273 ternione
376 1207 427 1273 vel
450 1207 582 1272 binione
606 1206 726 1271 exitum
750 1206 969 1291 praecedentis
992 1207 1119 1273 fabulae
1138 1231 1209 1274 con·

68 1311 263 1401 cluderet*):
288 1314 496 1399 quantumvis
522 1314 555 1378 in
580 1314 810 1398 superstitibus
833 1314 1040 1379 Ambrosiani
1062 1315 1209 1399 partibus

69 1422 219 1488 omnibus
247 1419 391 1508 (praeter
414 1443 513 1486 unum
538 1420 641 1486 Stichi
665 1418 921 1506 exemplum**)‚
951 1421 1040 1485 euius
1065 1422 1208 1506 singule·

67 1551 137 1594 rem
162 1529 316 1594 rationem
341 1528 440 1612 prees.
463 1551 493 1612 p.
514 1527 594 1593 VIII
617 1524 864 1614 explicavimus)
887 1531 1038 1593 constans
1064 1529 1109 1593 sit
1131 1550 1207 1612 que-

65 1635 251 1700 ternionum
275 1633 373 1701 usus’.

156 1741 190 1806 B
217 1740 360 1807 codicem
388 1740 568 1806 Veterem
600 1744 676 1825 post
706 1739 918 1805 ltitsehelium
948 1739 1107 1807 Hinckius
1136 1763 1209 1807 con-

66 1848 157 1932 tulit,
178 1847 303 1913 codices
327 1845 391 1912 OD
414 1846 667 1911 Decnrtatum
692 1850 725 1911 et
745 1845 995 1912 Vrsinianum
1019 1869 1079 1933 ego
1103 1848 1209 1913 denuo

65 1955 203 2040 excussi,
220 1975 294 2020 cum
312 1953 382 2018 ΕΖ
397 1953 539 2018 codicem
558 1951 801 2037 Lipsiensem
821 1957 855 2017 et
874 1953 1087 2019 editionem
1106 1955 1210 2039 priu-

65 2061 189 2145 cipum
213 2082 251 2126 ex
275 2059 445 2145 proecdosi
468 2059 682 2142 repetiverim.

157 2165 310 2233 Codicum
338 2166 409 2231 AB
443 2165 743 2250 discriptionem
777 2189 874 2252 quem
905 2167 1146 2232 accuratissime
1177 2169 1210 2233 in

65 2276 141 2359 ipso
161 2276 321 2359 apparatu
341 2272 571 2357 expressimus:
594 2296 632 2338 ex
653 2273 816 2338 codicibus
837 2272 899 2339 ΟΒ
918 2274 964 2338 eis
983 2277 1109 2338 tantum
1129 2274 1210 2340 loeis

66 2379 406 2462 commemoravimus,
430 2379 547 2464 quibus
571 2384 627 2444 aut
651 2379 724 2443 aliis
748 2380 929 2444 rationibus
953 2380 1111 2463 scriptura
1135 2382 1210 2445 affe-

64 2487 168 2553 renda
195 2491 267 2552 erat
293 2491 350 2551 aut
376 2490 510 2571 propter
536 2504 693 2569 personas
721 2487 865 2551 dubitari
894 2491 1031 2572 poterat.
1078 2486 1163 2553 Nam
1192 2509 1211 2552 a

65 2595 125 2660 Db
149 2594 177 2658 si
200 2593 384 2677 recesseris,
411 2591 467 2677 qui
496 2593 621 2675 etipse
646 2593 816 2657 admodum
841 2616 914 2657 raro
938 2598 1033 2658 notas
1058 2616 1210 2677 persona-

66 2724 140 2766 rum
169 2701 330 2784 supplevit
357 2698 427 2783 (sed
451 2698 579 2783 saepius
604 2722 700 2783 quem
725 2700 921 2765 Ritschelius
945 2699 1143 2784 notaverat),
1172 2723 1209 2765 ex

65 2808 183 2892 spatiis
212 2813 337 2872 tantum
366 2807 400 2870 In
429 2804 532 2870 BOD
560 2806 597 2869 de
626 2806 857 2872 distributione
885 2807 1019 2871 iudicari
1052 2829 1147 2890 posse
1177 2809 1211 2872 in

65 2916 141 2998 ipso
166 2914 323 2997 principio
347 2913 475 2978 fabulae
501 2913 677 2978 indicatum
702 2911 839 2997 est.***)
876 2911 938 2978 Sed
958 2936 1030 2977 oum
1050 2914 1083 2978 in
1104 2915 1210 2979 dubiis

64 3025 195 3085 tentum
224 3020 304 3084 loeis
332 3019 597 3104 significaverim,
627 3019 655 3083 si
683 3024 816 3104 propter
844 3042 994 3084 versuum
1018 3020 1149 3085 exordia
1172 3021 1210 3085 de

65 3126 134 3194 01)
155 3149 222 3192 non
245 3126 392 3211 liqueret,
414 3125 475 3190 hoc
500 3125 570 3190 Ioco
595 3147 633 3190 er
660 3125 858 3211 C(quoeum
883 3126 917 3190 D
940 3126 1006 3191 fere
1030 3127 1210 3191 consentire

65 3239 183 3298 notum
216 3229 280 3319 est)
313 3232 387 3297 inde
421 3254 439 3296 a
468 3256 496 3296 v.
523 3233 560 3296 11
591 3232 662 3314 (ubi
690 3233 871 3317 discrepare
902 3231 1029 3320 incipit)
1061 3255 1209 3297 versuum

66 3339 273 3423 singulorum
297 3339 399 3403 exitus
424 3339 591 3424 composui
614 3339 768 3404 lineolam
792 3340 925 3424 addens,
952 3341 1008 3404 ubi
1039 3341 1207 3405 metricum

64 3446 280 3527 interstitium
303 3446 433 3531 aliquod
458 3446 616 3530 congruit.
1184 3431 1186 3434 ¹

160 3553 302 3618 11-35:
325 3558 381 3617 cut
398 3553 446 3635 qd
459 3554 544 3634 turbt
565 3553 696 3635 —quis
706 3553 1045 3649 illr'cd-aftatſtr
1060 3554 1185 3635 amicus
1193 3563 1210 3620 ἑ

64 3695 111 3706 —
128 3659 307 3742 conqrcdicr
325 3695 367 3706 -
387 3659 496 3724 otoxile
510 3695 553 3705 -
567 3664 675 3739 utqrreo
695 3695 738 3705 -
756 3657 983 3747 cusentcatio†)
998 3699 1039 3708 -
1055 3667 1137 3727 utere
1150 3697 1157 3710 ·
1168 3699 1208 3708 —

158 3889 184 3957 ἢ
204 3887 339 3943 Similiter
358 3887 484 3942 iudicans
505 3885 721 3953 Studemundus,
741 3903 803 3941 cum
821 3886 1011 3942 Palestinorum
1031 3890 1210 3943 recensione

63 3969 208 4038 integrum
228 3967 340 4035 quidem
360 3966 514 4034 binionem,
533 3967 580 4020 sed
596 3968 704 4035 septem
719 3966 829 4021 circiter
843 3968 961 4037 paginas
977 3968 1209 4022 undevicenorurn

63 4065 198 4103 versuum
218 4047 374 4117 explevisse
393 4047 535 4114 videatur,
561 4048 610 4100 eut
628 4045 773 4100 dimidiam
794 4047 984 4114 quaternionis
1005 4047 1130 4100 LXXIIII
1151 4064 1209 4114 pnr-

63 4130 125 4183 tem
150 4143 267 4183 vacuam
291 4128 420 4182 relictum
444 4127 530 4181 fuisse
554 4127 604 4180 aut
625 4144 674 4195 pro
694 4125 875 4194 quaternione
895 4126 1035 4180 binionem
1054 4125 1148 4195 potius
1167 4125 1210 4177 in-

62 4209 173 4261 sertum
192 4207 279 4261 fuisse
299 4206 427 4262 coniecit.

142 4286 184 4353 **)
205 4288 332 4341 Alterum
345 4287 502 4357 exemplum
513 4287 625 4341 Rudene
636 4285 773 4355 praebuit,
784 4286 819 4338 de
830 4301 884 4354 quo
894 4301 965 4353 quae
975 4286 1061 4353 prael.
1072 4302 1099 4353 p.
1110 4283 1161 4336 XII
1171 4301 1210 4351 sq.

62 4369 311 4436 computaveram,
335 4366 392 4421 iam
416 4384 449 4422 ex
473 4366 658 4421 Studemundi
680 4365 844 4434 apographo
864 4365 910 4430 (ad
930 4363 987 4429 QV.
1009 4363 1146 4418 LXXXIII
1168 4370 1210 4418 'lv

61 4450 95 4502 et
127 4463 249 4515 prooem.
278 4466 305 4517 p.
325 4447 426 4515 XXIII)
455 4448 495 4502 ita
524 4447 714 4515 corriguntur,
744 4447 775 4498 ut
805 4443 968 4498 fasciculum
993 4444 1117 4498 LXXXV
1145 4446 1212 4510 (non

60 4525 208 4594 LXXXII)
226 4525 369 4582 binionem
387 4527 473 4582 fuisse
492 4528 635 4596 appareat.

121 4608 182 4670 m)
202 4607 376 4676 Quamquam
396 4607 537 4661 interdum
557 4607 649 4676 spatie
669 4606 697 4658 in
713 4605 769 4658 OD
788 4606 823 4658 ad
843 4603 986 4658 metricum
1006 4606 1099 4674 potius
1119 4605 1212 4660 distri·

60 4686 216 4743 butioncm
237 4688 364 4756 spectare
384 4688 466 4741 etad
487 4705 511 4740 v.
532 4692 582 4739 789
602 4685 747 4752 tetigimus
767 4688 796 4739 et
814 4687 867 4739 hoc
885 4686 947 4739 loco
967 4702 1119 4740 monemus.

154 4768 184 4835 †)
204 4766 332 4820 Fortasse
351 4785 376 4821 v.
394 4773 426 4822 18
446 4765 488 4821 ita
507 4764 700 4820 discribendus
719 4769 780 4820 erat
798 4766 911 4831 melius,
935 4766 968 4817 ut
986 4765 1104 4820 dimeter
1123 4767 1211 4820 trocb.

55 4845 153 4906 catal.
192 4845 288 4912 (scrin
315 4862 378 4917 erqo
406 4864 440 4901 cc
467 4847 611 4912 sententia)
641 4845 812 4901 subiceretur
839 4843 1008 4900 tetrametris
1036 4847 1124 4901 troolr.
1149 4864 1211 4901 cum
