2910 5528
135 39 1105 314 a

604 705 808 761 PRAEFATIO
1200 710 1276 765 XXV

135 871 265 935 demum
299 869 535 954 suppleverunt.
584 868 654 933 Iam
683 890 758 933 vero
787 868 837 934 bis
866 870 1012 936 versibus
1040 872 1074 935 in
1102 872 1277 958 archetypo

135 977 342 1061 respondisse
370 1000 399 1042 v.
418 976 595 1041 221-223
625 997 696 1040 cum
720 997 757 1039 ex
781 977 904 1041 ambitu
927 997 1069 1061 congruo
1094 978 1277 1064 colligimus

135 1092 207 1148 tum
229 1104 271 1148 ex
293 1084 437 1168 ipsorum
460 1104 611 1146 versuum
634 1082 829 1147 condicione.
867 1080 952 1145 Nam
976 1105 1005 1147 v.
1024 1084 1087 1148 221
1100 1106 1147 1169 sq.
1166 1107 1238 1150 cum
1258 1110 1277 1151 a

135 1194 241 1255 metro
269 1191 431 1273 laborent,
465 1188 515 1253 bis
544 1187 749 1260 Camerarius
778 1208 816 1252 nc
844 1189 1035 1273 particulam
1065 1194 1142 1275 post
1172 1193 1278 1276 prima

135 1298 296 1363 vocabula
328 1295 432 1361 affixit
467 1293 566 1382 (Quid
600 1295 672 1360 ais?
713 1294 908 1378 certum<ne>
941 1299 974 1360 et
1004 1295 1276 1384 Offirmasti<ne>)

135 1410 207 1468 tam
229 1403 295 1468 leni
318 1402 544 1488 probabilique
570 1401 725 1481 remedio,
755 1407 790 1465 ut
820 1422 929 1466 omnes
958 1404 1115 1486 recepisse
1144 1405 1275 1471 minime

135 1511 254 1574 mirum
279 1510 329 1574 sit.
372 1508 417 1573 At
439 1507 547 1592 priore
572 1509 643 1573 loco
667 1507 882 1590 reputandum
909 1511 979 1572 erat
1001 1513 1144 1574 extrema
1162 1533 1191 1575 v.
1210 1513 1276 1577 220

134 1617 237 1681 verba
259 1637 308 1681 me
330 1616 450 1698 qualem
473 1614 559 1679 lmud
580 1616 667 1697 dccet,
690 1635 761 1678 cunr
786 1637 805 1679 a
829 1619 932 1680 metro
957 1615 1046 1680 salva
1070 1617 1144 1700 siut,
1167 1639 1186 1680 a
1209 1640 1278 1683 sen·

135 1723 241 1787 tentia
265 1743 328 1787 non
352 1721 498 1785 sufficere
522 1721 682 1804 variisque
708 1726 741 1784 et
765 1721 855 1784 vanis
879 1721 1062 1786 criticorum
1086 1725 1276 1788 commentis

135 1829 293 1895 divexati:
321 1828 438 1914 quibus
466 1830 492 1891 si
520 1827 616 1891 initio
645 1849 672 1891 v.
692 1827 755 1891 221
782 1827 870 1891 velut
892 1826 985 1892 Secus
1012 1827 1215 1915 addimus*)‚
1243 1835 1276 1894 et

135 1935 261 2020 reliqua
287 1955 416 1999 servare
443 1956 615 2017 possumus
646 1939 678 1998 et
705 1933 878 2014 habemus,
905 1934 990 2018 quod
1018 1936 1118 2019 priori
1142 1937 1276 2001 lacunae

135 2065 164 2106 v.
183 2042 250 2107 203
274 2041 476 2124 respondeat.
513 2040 582 2104 Iam
607 2062 679 2105 cunr
704 2044 891 2123 sequentem
912 2062 1039 2124 quoque
1057 2063 1185 2106 versum
1204 2065 1277 2108 con·

135 2149 229 2213 tinna
256 2148 330 2212 labe
357 2147 563 2212 imminutum
592 2169 661 2211 esse
690 2146 857 2231 probabile
886 2147 943 2229 sit,
976 2169 1013 2211 eo
1046 2147 1200 2213 libentius
1228 2172 1275 2213 re-

135 2255 233 2338 posui
257 2253 341 2335 Quid
361 2254 417 2319 tu?
446 2254 612 2336 offirmusti
634 2254 795 2337 occultae,
819 2274 877 2336 qno
901 2275 926 2318 e.
947 2276 976 2338 q.
995 2276 1033 2336 s.,
1062 2276 1124 2337 quo
1149 2255 1275 2320 concin-

135 2362 208 2426 nius
232 2361 279 2426 sio
302 2383 336 2425 so
359 2360 459 2425 verba
481 2359 647 2445 adplicant
669 2360 709 2425 ad
735 2360 818 2439 Quid
834 2361 904 2425 aas?
928 2365 1071 2425 certrcmt
1088 2362 1192 2439 celare,
1215 2383 1275 2444 quo

135 2493 158 2534 e.
178 2491 209 2554 q.
229 2491 253 2531 s.
300 2467 446 2551 Denique
479 2466 594 2530 tertius
629 2468 683 2550 qui
717 2471 818 2530 restat
847 2488 958 2530 versus
986 2468 1051 2532 223
1084 2468 1165 2531 nihil
1198 2491 1275 2533 sane

135 2574 321 2641 detrimenti
346 2573 507 2658 accepisse
527 2572 663 2654 videtur,
687 2573 743 2637 sed
765 2573 891 2636 videtur
909 2576 1036 2637 tantum
1055 2573 1140 2638 falsa
1160 2575 1273 2659 specie.

135 2681 220 2745 Nam
243 2683 333 2763 dato,
357 2683 484 2763 praeter
507 2679 769 2744 cousuetudinem
795 2679 1017 2762 rationemque
1042 2680 1191 2744 sollemni
1213 2682 1274 2745 for·

135 2788 243 2852 mulae
265 2809 330 2870 par
350 2787 428 2869 pari
455 2787 615 2867 respondes
643 2785 803 2868 additum,
839 2786 1045 2849 manifestum
1077 2791 1126 2849 est
1153 2787 1275 2850 addita-

135 2899 280 2959 mentum
300 2892 515 2975 librariorum,
534 2892 618 2976 quod
634 2892 729 2955 nimis
745 2892 798 2954 diu
819 2891 1000 2955 tolerarunt
1013 2893 1160 2956 homines
1176 2893 1275 2958 docti:

135 3024 197 3085 quo
226 3001 331 3065 deleto
359 3022 495 3063 vacuum
523 2999 652 3062 initium
676 3004 740 3062 iam
765 2999 938 3080 respondet
961 2999 1062 3062 exitui
1085 3021 1112 3063 v.
1132 3000 1197 3063 205
1221 3001 1274 3063 ab·

135 3107 246 3187 scisso,
266 3107 351 3191 quod
371 3105 510 3189 exempli
530 3105 634 3189 gratia
653 3126 710 3189 per
724 3104 834 3187 anue
848 3105 973 3188 explevi
987 3103 1041 3188 (cf.
1056 3104 1170 3168 Pseud.
1186 3105 1274 3181 692).

223 3214 271 3277 Ac
302 3212 363 3277 hoc
395 3233 520 3295 quoque
549 3211 662 3274 folium
691 3212 755 3274 iam
785 3217 882 3275 antea
913 3212 1114 3296 perforatum
1147 3212 1209 3276 fuit
1242 3213 1275 3276 in

135 3320 323 3403 archetypo.
355 3317 440 3382 Nam
459 3341 488 3382 v.
503 3318 566 3382 217
587 3317 656 3400 (qui
676 3323 724 3381 est
743 3321 878 3401 quartus
898 3318 1036 3400 aprime
1053 3341 1146 3382 versu
1161 3323 1274 3382 trunco

134 3428 166 3492 in
195 3426 316 3511 pagina
344 3446 438 3489 versa
464 3423 513 3488 vel
538 3425 669 3508 quintus
694 3424 721 3486 si
746 3445 844 3487 unum
870 3425 912 3504 [v.
932 3425 1010 3504 218]
1036 3424 1114 3487 olim
1138 3424 1274 3507 biparti-

135 3539 203 3598 tum
229 3532 329 3595 fuisse
349 3529 538 3614 conicimus)
558 3533 703 3612 apertam
722 3531 870 3593 lacunam
892 3534 966 3595 ante
986 3538 1164 3594 extremum
1180 3552 1274 3595 voca-

135 3640 245 3703 bulum
274 3638 374 3701 habet
402 3658 467 3699 non
497 3636 591 3698 modo
620 3639 724 3699 metro
753 3636 940 3721 linguaque,
974 3638 1029 3700 sed
1057 3638 1154 3701 etiam
1184 3638 1274 3701 libris

135 3745 287 3810 testibus:
312 3743 486 3826 codemque
511 3742 581 3806 loco
608 3763 716 3805 versus
741 3743 795 3825 qui
815 3742 978 3807 antecedit
997 3744 1134 3826 laborat,
1158 3745 1191 3807 in
1211 3767 1274 3827 quo

135 3875 205 3919 cum
244 3852 301 3915 alii
338 3851 403 3914 alia
438 3848 684 3932 temptaverint,
723 3853 808 3912 recte
845 3849 1004 3932 imprimis
1041 3850 1163 3931 placuit
1202 3851 1274 3913 Aci-

135 3959 211 4024 dalii
243 3957 429 4023 coniectura
462 3958 507 4019 At
531 3954 726 4038 post<crior>
759 3957 833 4019 acces
867 3956 1046 4038 supplentis
1080 3953 1157 4037 (nisi
1190 3956 1273 4038 quod

135 4066 324 4149 post<erius>
358 4087 394 4127 ex
429 4065 499 4127 loco
533 4061 689 4146 parallelo
723 4061 967 4143 praeferendum
1002 4057 1100 4144 erat):
1132 4081 1206 4122 nam
1243 4065 1275 4122 et

135 4172 307 4237 verborum
336 4169 537 4234 concinnitas
566 4167 649 4231 hanc
678 4168 870 4249 scripturam
902 4166 992 4229 unice
1016 4164 1219 4228 commendat
1242 4170 1274 4227 et

136 4285 273 4362 augetur
297 4276 508 4360 probabilitas
534 4296 570 4336 ex
596 4273 786 4337 cohaerente
811 4272 1009 4354 insequentis
1030 4291 1139 4332 versus
1159 4270 1274 4334 lacuna

139 4381 187 4468 (de
211 4405 275 4468 qua
300 4384 377 4445 item
402 4381 486 4444 haud
511 4381 615 4464 pauci,
638 4382 675 4442 ut
698 4400 798 4461 nuper
817 4376 974 4457 Klotzius‚
998 4377 1110 4440 inanes
1132 4378 1275 4442 rationes

221 4585 248 4653 *)
269 4583 310 4636 Da
335 4584 409 4652 loqui
432 4582 588 4636 adiciendio
612 4579 702 4648 primo
726 4579 928 4646 cogitaveram,
953 4579 984 4631 ut
1003 4579 1099 4631 eadem
1121 4581 1195 4632 esset
1214 4595 1274 4633 sen-

140 4664 236 4733 tentia,
262 4680 346 4733 quarn
370 4662 451 4731 Epid.
467 4669 500 4716 59
512 4680 552 4731 sq.
577 4667 606 4715 et
629 4660 685 4712 llil.
702 4665 752 4713 477
778 4658 908 4727 legimus:
933 4662 963 4712 at
986 4674 1035 4711 suo
1060 4659 1118 4713 iure
1143 4658 1274 4715 Goctziua

140 4742 344 4813 Seyffertusque
368 4759 430 4797 eam
454 4744 506 4795 hcc
530 4745 591 4796 loco
616 4738 727 4793 excludi
753 4737 944 4792 altercationis
973 4736 1161 4794 concinnitate
1191 4757 1274 4809 oppo-

140 4827 256 4878 suerunt.
