2910 5528
154 333 217 395 142
635 330 819 386 ΑΡΡΕΝΒΙΧ
1153 336 1268 386 610-161

152 493 261 547 ‘licebat
274 492 357 546 etiam
370 491 432 557 tibi,
451 491 480 544 iu
493 494 522 546 te
537 493 703 561 speculaest.
730 493 806 546 Mire
819 497 969 561 arputatur
983 491 1233 560 Kampnauuusle
1248 501 1272 540 11

149 590 243 641 praep.
260 590 289 641 p.
306 576 341 625 18
354 572 432 626 actm’
462 571 530 638 tibi,
550 576 595 626 est
612 570 642 624 16
661 575 690 625 16
709 569 843 641 specillee
862 570 1020 642 Seyffertue.

242 657 302 706 311.
324 655 503 721 praemoneto
521 652 649 706 Pistoris.

243 737 294 785 311
304 747 358 800 sqq.
380 730 451 796 Quid
467 731 519 786 hoc
535 732 575 785 sic
589 732 695 786 Dausa.
724 731 766 798 Of.
782 731 986 786 Kretscbmerus
1002 731 1055 801 Qu.
1070 732 1114 785 Pt
1128 731 1168 786 61.
1182 748 1208 786 u
1219 733 1277 785 1863

150 829 180 879 p
197 816 243 866 20.
262 840 297 850 -
323 811 393 865 Moe
416 810 491 878 tegit
513 811 649 880 Berytius
674 812 773 880 Opusc.
792 811 813 864 Ι
829 828 859 879 p.
877 816 933 866 679
951 812 1055 867 sitiam
1075 841 1109 851 -
1133 810 1166 864 V.
1179 816 1227 865 etl
1245 813 1281 864 sel

153 890 252 946 inuste
269 891 324 944 tibi
343 892 468 962 Pylades.
496 892 623 946 inustest
640 909 704 945 nem
722 888 777 944 tibi
796 890 971 946 Camerarius
988 891 1095 946 abusus
1112 891 1154 946 B:
1170 891 1206 958 es.
1222 889 1281 944 Her·

152 987 271 1024 marmus
288 969 336 1024 El.
356 971 382 1025 6
401 988 435 1025 m
450 989 480 1039 p.
496 974 557 1024 154.

241 1055 301 1104 316.
320 1051 400 1103 tuum
419 1048 517 1104 neuls?
543 1049 695 1118 Geppertus
713 1049 746 1104 de
764 1049 791 1103 A
810 1065 948 1104 errares.-
950 1051 1076 1105 -lubet
1105 1052 1194 1113 1666
1209 1049 1284 1115 lubet,

152 1129 199 1183 abi
221 1130 351 1198 Gupelus.
378 1129 463 1183 lubet.
444 1129 557 1189 tlah
576 1128 622 1182 ubi
642 1128 754 1183 Parcus.
774 1127 867 1196 lubet,
886 1128 1051 1198 Sagaristio
1076 1130 1285 1192 [6613616161.

152 1198 535 1276 16666161166611661.
552 1209 704 1263 Muellerus
718 1226 749 1278 p.
763 1212 826 1263 155.
842 1212 896 1263 715
910 1206 1114 1279 Riablerusque
1131 1209 1285 1265 usuales.

152 1288 231 1342 seua.
248 1289 312 1357 Ip
327 1292 440 1344 399.
460 1304 528 1342 csue
554 1288 604 1356 eis,
625 1303 733 1357 quseso
753 1287 966 1358 Kampmauuus
988 1290 1021 1345 de
1040 1301 1079 1340 es
1093 1306 1190 1360 praep.
1206 1306 1233 1358 p
1245 1293 1286 1344 28.

152 1384 222 1422 usuc
239 1368 305 1436 tibi,
325 1369 363 1422 sis
388 1369 514 1423 Weisius

242 1453 302 1502 319
321 1447 352 1500 16
368 1447 465 1503 bubile
484 1447 589 1502 reicere
603 1454 667 1517 past
683 1447 790 1502 Vallum
804 1448 953 1503 Acidaliae
965 1449 1049 1503 simul
1061 1450 1179 1504 reicieree
1191 1446 1287 1518 erigere

152 1528 225 1596 quod
237 1528 350 1593 fueraut
363 1546 411 1598 qur
407 1531 469 1584 'liic
482 1530 622 1599 fiuqereut.
644 1530 749 1584 reicere
764 1528 792 1581 in
807 1526 932 1583 bubilsm
946 1528 1120 1585 Botlsiusoe-
1134 1544 1171 1583 ne
1184 1527 1287 1597 uesieu·

153 1611 200 1661 tur
214 1608 353 1677 probabat
373 1608 515 1665 (lucterius.
542 1626 577 1664 ne
596 1609 751 1663 uitulentur
771 1608 879 1662 Parcus
896 1609 938 1662 ecl.
957 1613 1017 1663 tert.

243 1692 408 1757 31166666
431 1691 476 1755 (ex
498 1705 554 1743 uua
579 1688 747 1744 (luctatum
771 1690 805 1743 ab
829 1688 869 1756 11)
892 1689 945 1755 eles.
965 1687 1091 1743 Kocleius
1116 1689 1194 1744 Mur.
1211 1687 1287 1742 11666.

157 1765 249 1819 XXV
261 1784 290 1834 p.
310 1772 373 1821 617.
390 1798 421 1806 -
441 1771 590 1838 argentum
608 1768 655 1822 hic
672 1769 758 1835 inest,
783 1767 858 1836 quod
877 1784 986 1822 mecum
1006 1768 1115 1822 dudum
1134 1766 1220 1822 oresti
1236 1784 1286 1822 cum

153 1847 183 1900 11
197 1847 353 1915 probarunt
370 1848 508 1917 Berytius
527 1849 636 1903 ‘Beitm’
654 1866 683 1917 p.
698 1854 734 1904 49
748 1851 828 1917 actm,
846 1849 1026 1918 Niemeycrus
1041 1865 1070 1916 p.
1086 1853 1134 1913 37,
1153 1848 1287 1918 Limes

157 1928 267 1982 ‘Beier’
285 1946 314 1996 p.
334 1933 398 1992 318,
417 1928 538 1982 Baierus
551 1946 582 1998 p.
596 1933 643 1996 84,
661 1930 720 1983 alii.
750 1928 855 1982 dudum
874 1943 918 1981 me
938 1927 1045 1996 rogasti
1065 1928 1198 1983 Botleius:
1216 1933 1285 1995 atque

154 2026 198 2060 me
209 2008 313 2060 dudum
324 2006 432 2076 rogasti
441 2010 582 2062 vindicare
591 2010 697 2063 studuit
707 2008 898 2079 Heerdepeuus
907 2009 938 2061 iu
948 2008 1086 2076 disquisit.
1096 2007 1228 2063 6661166161.
1236 2005 1287 2059 Ill

149 2091 289 2156 162366.
327 2089 366 2140 At
392 2090 516 2156 quamvis
538 2105 630 2143 aerum
652 2090 689 2142 sit
711 2088 832 2156 ropuudi
854 2087 1056 2155 sipuifieatiaue
1078 2103 1190 2142 mecum
1212 2082 1286 2140 oresti

153 2183 209 2220 mou
227 2182 306 2235 posse
327 2169 475 2236 usurpari,
499 2175 589 2224 tamem
611 2169 718 2222 saliuae
741 2173 766 2220 et
788 2166 901 2220 metrica
923 2172 948 2220 et
971 2167 1070 2221 critica
1088 2168 1224 2221 evincitur
1239 2167 1285 2219 sir·

153 2263 240 2300 ceram
263 2263 317 2300 esse
339 2249 396 2302 caet.
416 2249 442 2301 A
461 2250 641 2317 scripturam,
667 2246 860 2314 interpolatam
880 2246 995 2300 alteram
1013 2249 1056 2313 (eu
1073 2264 1100 2301 o.
1115 2250 1173 2315 39).
1208 2246 1285 2316 Quum

152 2341 213 2379 cum
236 2327 393 2381 inculcatam
411 2345 463 2397 per
486 2329 561 2396 quod
584 2344 694 2382 mecum
717 2326 822 2379 dudum
847 2323 935 2379 oresti
959 2327 1178 2381 enuntiationem
1193 2325 1284 2394 116611·

153 2421 252 2458 cassem
269 2409 313 2474 (ut
331 2408 494 2462 additurum
511 2409 584 2463 uelut
603 2409 635 2460 ut
652 2422 782 2461 nummos
800 2410 942 2461 sescentos
957 2406 1062 2473 durem,
1081 2406 1141 2460 ism
1153 2405 1183 2461 in
1195 2404 1284 2459 mundo

152 2484 270 2539 habebis
294 2503 311 2539 6
333 2502 378 2540 ms
400 2488 585 2557 interrumpat
610 2488 753 2555 Toxilus),
777 2502 837 2540 vere
859 2488 995 2540 euomuisse
1016 2487 1129 2541 ridetur
1152 2485 1285 2555 Seyffertu

150 2570 263 2633 propter
285 2572 413 2621 ueutrum
431 2570 606 2637 pronominis
628 2569 669 2622 uel
687 2567 890 2622 distinctionem
907 2567 1014 2621 serrari
1029 2582 1110 2635 passe
1127 2566 1203 2635 (llas
1220 2564 1284 2629 Geli,

151 2661 205 2699 vau
223 2647 282 2700 dem
300 2647 339 2701 66
356 2649 405 2700 mil
424 2649 478 2701 mir
495 2649 657 2718 pespracliem
674 2646 771 2713 least’).
809 2645 852 2711 of.
870 2650 1064 2700 6117-119.

242 2732 301 2777 319.
326 2725 462 2781 Dominus
486 2744 530 2780 me
554 2725 695 2781 Eretriam
718 2726 799 2779 bouis
822 2728 975 2780 mereatum
998 2729 1064 2781 trui.
1089 2726 1136 2782 B.-
1163 2728 1199 2794 cs.
1221 2725 1281 2781 Prot

157 2805 234 2859 Tria.
251 2822 280 2872 p.
297 2804 391 2858 OOLI
392 2807 412 2858 Ι
429 2812 454 2860 et
472 2808 533 2861 uide
551 2809 588 2861 act
605 2824 629 2861 v.
644 2812 708 2862 359.

241 2888 301 2937 314.
321 2886 413 2951 Atque
433 2902 485 2954 ego
505 2887 557 2940 hoo
577 2902 658 2940 omne
677 2889 826 2954 argentum
845 2885 898 2941 tibi
913 2887 966 2939 hoc
980 2886 1136 2941 Muellerus
1150 2905 1181 2956 p.
1195 2891 1280 2954 36811.

151 2969 220 3018 recte
237 2966 366 3018 iudicans
384 2967 417 3018 ele
436 2966 488 3019 hoc
508 2968 612 3033 tradita
630 2969 676 3035 (=
692 2967 747 3020 huc
769 2968 802 3021 ob
823 2966 980 3035 ε66616666)
999 2967 1116 3035 tumuere
1133 2968 1226 3036 Atque
1242 2980 1280 3033 ego

151 3060 185 3097 ex
208 3045 341 3098 librorum
363 3049 492 3099 messoria
519 3064 575 3101 mou
597 3049 656 3102 siue
678 3048 786 3101 ratione
807 3046 972 3114 praeferens.
1009 3046 1049 3100 At
1076 3047 1196 3111 fortasse
1217 3059 1280 3099 oure

152 3126 298 3190 argentum
320 3126 514 3192 interpolatum
532 3133 578 3193 est,
598 3144 659 3181 cum
677 3127 728 3181 toti
747 3128 804 3181 laco
823 3128 929 3196 ipsique
943 3126 1076 3180 locruioui
1090 3127 1146 3181 huo
1160 3125 1278 3181 incolume

152 3201 277 3270 redigam
300 3205 396 3258 ruelius
418 3208 579 3274 respondeat
596 3206 673 3261 'uelut
691 3207 784 3274 Atque
809 3208 862 3275 ego
885 3206 970 3261 boum
995 3209 1155 3261 amentum
1174 3206 1225 3260 tibi
1240 3206 1278 3258 hu

150 3281 192 3335 vel
211 3284 301 3350 Atque
321 3285 373 3351 ego
392 3284 477 3338 boues
495 3284 575 3338 binbs
593 3283 648 3338 tibi
667 3286 720 3340 hoe
738 3304 759 3341 e.
775 3304 799 3356 a.
812 3303 834 3341 s.

240 3367 300 3415 311.
320 3363 382 3416 duit
400 3363 522 3433 Guyetus
540 3365 710 3434 Botbiusque
728 3383 789 3422 cum
808 3367 870 3421 Pia.
901 3365 985 3421 ‘Vise
1003 3369 1041 3421 ael
1058 3384 1085 3422 u.
1105 3373 1151 3422 68.
1184 3363 1277 3434 Alioqui

151 3441 248 3496 licebat
266 3459 327 3496 crem
346 3443 526 3498 Laclemarma
543 3443 616 3497 ultro
637 3445 684 3498 det
702 3444 775 3515 ipse’
797 3445 836 3500 11.

238 3524 368 3577 313166
385 3523 424 3576 mi
444 3526 529 3592 opere
547 3522 577 3576 'u
595 3540 656 3578 cum
680 3525 789 3581 Weisio.
822 3528 872 3580 tus
895 3524 965 3579 mihi
983 3542 1071 3594 opera
1090 3526 1274 3583 1161616666

150 3600 190 3652 sic
207 3606 256 3654 aut
274 3602 325 3654 tub
342 3600 382 3654 mi
401 3618 486 3670 opera
506 3602 657 3657 Muellerus
673 3621 703 3672 p.
718 3609 783 3660 662.
1324 3638 1326 3643 ·

239 3685 298 3734 330.
318 3680 359 3734 Et
382 3680 623 3749 Perennitatisque
647 3684 674 3737 et
697 3684 942 3755 Perennituteique
964 3686 1081 3753 frement
1104 3689 1154 3757 qui
1176 3683 1273 3755 arqutiit

149 3759 312 3827 iueptiisque
335 3761 521 3828 detruderent,
543 3763 616 3816 uelut
638 3763 771 3832 Balleius,
798 3763 951 3833 Geppertsss
973 3765 1055 3820 Seue.
1080 3767 1124 3821 Pl.
1145 3766 1186 3820 II
1200 3783 1225 3835 p.
1240 3767 1272 3825 86

151 3838 419 3894 BrauuiusObseru.
438 3857 551 3909 pramm.
571 3847 595 3895 et
611 3844 671 3896 crit.
687 3845 886 3910 16636616
903 3846 988 3914 1881)
998 3862 1028 3915 p.
1044 3849 1145 3914 28sq.,
1162 3840 1271 3912 liubi

148 3917 255 3985 leiusp
270 3924 358 3987 28sp.
379 3918 560 3989 (Perennitst‘
553 3938 617 3989 sque
640 3921 710 3977 uduo
729 3923 794 3978 huic
814 3923 944 3993 perpetui
962 3922 1020 3978 cibi
1036 3926 1134 3979 sallem
1153 3922 1270 3994 Guyelub·

149 3991 396 4064 Perennitsntique
411 4000 566 4054 Acidalius.
590 4002 854 4072 Perennitstemque
873 4010 898 4058 et
912 4005 1065 4074 perpetuet
1078 4003 1135 4058 cibi
1149 4003 1178 4057 11
1190 4002 1269 4057 aulas

150 4072 250 4128 ‘leuius
267 4077 333 4131 baec
352 4079 389 4131 ad
407 4081 552 4134 sanitatem
570 4084 719 4137 sententiae
736 4100 863 4138 reuocare
879 4084 973 4139 nescii.
1001 4082 1102 4138 Missus
1119 4084 1209 4137 saltere
1220 4093 1267 4150 pru

148 4150 236 4206 babile
261 4156 387 4245 futurum
414 4159 451 4212 sit
475 4158 692 4230 Perennitetqus
720 4161 786 4218 huic
813 4163 884 4218 sdeo
912 4164 1079 4232 perpetuom
1102 4162 1212 4218 eibum'.
1239 4160 1267 4210 Al

144 4232 267 4294 pbstea
268 4234 328 4288 siue
340 4236 436 4289 dubio’
447 4241 814 4297 serausbabuitBuecbeleri
824 4243 1036 4297 crumelatmem
1045 4244 1161 4311 itemque
1169 4238 1266 4295 uobis

150 4303 228 4373 W
255 4313 337 4367 Ans)
363 4313 389 4367 V
409 4332 439 4383 p.
458 4321 508 4384 91,
535 4319 705 4376 Luebbertus
730 4322 811 4377 Scae
837 4339 952 4393 pramm.
971 4323 993 4375 Ι
1015 4339 1046 4390 p.
1065 4326 1118 4390 30,
1143 4321 1265 4390 Laium

151 4380 262 4442 '3⁶¹’er
276 4406 308 4459 p
322 4397 377 4447 142
394 4400 419 4448 a
437 4358 516 4450 seul.
531 4416 563 4466 p.
578 4405 615 4455 60
633 4400 701 4469 (bic,
719 4418 776 4456 mou
794 4402 866 4469 illia,
883 4402 1004 4456 scriberes
1022 4403 1207 4472 perpetuom),
1220 4394 1262 4451 alii
