2910 5528
73 803 97 856 v
119 810 146 873 4,
166 809 269 860 rer-ao
547 802 742 858 Poquuvs
1152 802 1215 864 155

540 962 747 1018 Aooaaarocrua

586 1087 591 1097 ·
657 1052 744 1119 Satis
767 1054 833 1118 idm
856 1057 931 1118 aunt
953 1054 1143 1121 maceratae.

595 1175 690 1231 Harum

72 1250 154 1328 Quid
179 1253 208 1316 ai
231 1252 443 1336 etoquamur?

542 1339 748 1392 Aooarauoocus

436 1428 560 1495 Oe‘uaeo
584 1428 706 1514 hercle,
728 1430 850 1514 paitrue.

548 1553 739 1605 Auamuasrvu

869 1626 990 1692 Misera
1012 1624 1118 1706 timeo,

72 1731 154 1808 Quid
169 1732 230 1796 hoc
245 1730 288 1798 sr't
301 1734 422 1818 negoti,
436 1736 508 1798 moa
523 1754 630 1798 soror:
645 1733 691 1796 ita
706 1733 835 1817 stupida
845 1733 914 1797 sine
924 1734 1032 1799 animo
1044 1735 1125 1798 asto.
1146 1749 1214 1796 1250

596 1853 691 1908 Hauuo

77 1945 248 2011 Adudrtite
273 1945 425 2028 animum,
448 1945 607 2010 mulieres,
640 1946 788 2031 primum,
812 1948 838 2012 si
863 1947 895 2011 id
918 1946 987 2010 fieri
1009 1946 1122 2030 pdssit,

75 2052 124 2115 No
148 2050 282 2137 indigua
305 2052 447 2138 indiguis
471 2051 525 2116 dei
547 2052 669 2135 darent,
693 2052 724 2116 id
749 2075 809 2139 ego
833 2053 996 2118 euenisset
1018 2053 1151 2116 uellem:

75 2157 169 2223 Nunc
192 2158 277 2243 quod
301 2159 379 2223 boni
403 2158 483 2222 mihi
506 2158 561 2223 dei
582 2159 705 2223 danunt
728 2160 841 2225 uober's
864 2165 1057 2244 nostraeque
1082 2160 1187 2241 matri,

74 2264 140 2329 Eas
163 2263 232 2329 deis
256 2267 305 2328 est
328 2286 465 2348 aequom
489 2263 611 2348 gretias
634 2285 694 2327 nos
718 2265 813 2348 rigere
837 2265 1058 2350 sempiternas,

75 2370 179 2447 Quom
209 2371 353 2434 nostram
383 2371 536 2454 pietatem
562 2370 746 2458 ¹adprobant
774 2370 987 2457 decordutqua
1016 2371 1066 2436 dei
1089 2372 1210 2436 immor·

869 2479 961 2543 tales.
1149 2491 1216 2542 1255

74 2583 144 2648 Vos
169 2604 257 2646 meae
281 2584 361 2646 estis
385 2582 499 2647 ambae
524 2580 613 2647 fssiae
638 2587 670 2646 et
692 2583 746 2647 hic
770 2585 819 2647 est
843 2588 998 2668 cognatus
1023 2587 1141 2668 noster,

146 2766 221 2821 Satis
239 2766 295 2820 iam
317 2767 388 2821 Pico
406 2784 467 2820 cum
485 2768 519 2821 A.
546 2764 660 2820 Satisim
680 2767 716 2819 D.
743 2765 798 2819 sati
817 2765 869 2819 sim
888 2765 949 2822 BG.
975 2767 1041 2820 cutis
1061 2766 1122 2819 ΒΖ

71 2850 139 2901 sunt
157 2847 315 2901 maceratae
333 2848 361 2900 Β
381 2864 442 2900 cum
460 2847 495 2900 A.
523 2849 681 2900 maceratae
702 2848 854 2919 (maceratq
875 2847 907 2914 0)
929 2846 991 2901 GD.
1020 2849 1218 2904 immaceratae

69 2928 138 2992 ,ΒΖ
209 2927 277 2982 satis
297 2928 362 2980 sunt
380 2929 538 2981 maceratae
557 2927 739 2981 Camerarius.
760 2926 834 2980 Satis
853 2928 906 2982 hae
925 2931 990 2982 aunt
1008 2930 1166 2982 maceratae
1184 2946 1218 2983 cx

76 3011 104 3064 A
123 3025 180 3061 noc
198 3013 267 3061 recte
280 3006 433 3075 Geppertuc
446 3007 536 3072 adfert
609 3012 684 3062 1249.
700 3006 769 3061 Pou
780 3024 884 3076 praem.
900 3007 955 3062 01)
1026 3021 1218 3071 ournsmuoo.

97 3132 103 3142 .
123 3133 127 3141 .
149 3096 244 3148 cama
262 3088 1060 3155 dubiae)ssssouusaorruuouqsstpruauaquismauruao
1079 3088 1106 3141 A

69 3167 144 3234 Quid
168 3165 192 3218 ai
216 3164 380 3233 eloquamur
397 3166 556 3234 scripsimus
579 3183 612 3218 cc
631 3166 666 3219 A.
692 3166 746 3231 Qui
765 3184 799 3221 ne
822 3167 921 3235 loquar
937 3167 973 3221 Β.
1012 3168 1083 3232 Quin
1103 3170 1217 3237 eloquar

71 3248 128 3303 OD
135 3247 198 3302 ΒΖ.
215 3246 286 3311 Quin
297 3247 460 3314 eloquamur
475 3245 601 3300 Weieiua.
618 3245 689 3311 Quin
700 3245 825 3315 eloquar.
839 3248 892 3317 Ag.
904 3248 964 3318 Age
973 3250 1013 3302 oct
1024 3247 1084 3316 Ego
1091 3249 1216 3305 Bothius.

73 3327 147 3394 Quin
166 3325 282 3393 eloquar
300 3325 352 3393 Ag.
372 3325 418 3379 Sic
438 3325 590 3411 chpertuc
661 3325 759 3397 Agor]
779 3328 820 3380 ita
840 3326 903 3381 01).
927 3335 996 3398 spot.
1016 3330 1044 3382 Β
1098 3329 1218 3393 „Censeo

73 3425 140 3477 ergo
161 3412 225 3476 (ego
246 3405 285 3472 F)
310 3406 376 3459 libri
389 3410 501 3473 practer
519 3404 581 3458 AB
689 3405 781 3473 edet]
800 3408 843 3459 ito
863 3406 926 3461 01).
955 3425 1005 3461 om.
1024 3410 1083 3463 aine
1100 3415 1169 3477 apat.
1188 3409 1216 3462 B

123 3486 249 3541 miserati
268 3501 330 3538 meo
344 3484 372 3538 B
424 3490 500 3538 1250.
521 3484 568 3539 Sic
583 3488 622 3552 A,
642 3488 698 3539 uici
715 3488 789 3555 quod
808 3502 905 3555 soaoa
922 3494 947 3543 et
962 3502 1170 3557 auorurraarua

71 3566 180 3636 negotii
200 3564 323 3634 (negocii
339 3565 409 3631 ΒΖ)
424 3563 584 3619 BGDFZ
633 3566 831 3620 measororitaa
850 3567 949 3636 tupida
962 3568 990 3621 Β
1047 3575 1123 3624 1251.
1138 3569 1217 3623 Por.

69 3664 173 3717 praem.
201 3645 258 3700 01)
372 3658 1218 3715 anuourrurrauruuuuuuruausrruuuusrrnurffirossr-

73 3729 127 3795 (vel
146 3735 197 3792 rur
227 3727 253 3778 A
361 3725 421 3778 fieri
449 3723 489 3790 (ie
509 3725 539 3777 in
559 3726 611 3790 lit.)
640 3727 667 3777 B
787 3734 863 3781 1252.
893 3741 1219 3794 uaruruouururucrua-

73 3817 646 3873 iraruuarruqruauouuamsaauuauuau
665 3806 692 3856 A
810 3807 939 3860 didurent
957 3805 991 3859 Β.
1021 3804 1169 3859 didaraeut
1189 3805 1217 3858 U.

70 3887 112 3941 dii
131 3888 231 3940 darent
246 3883 281 3938 F.
302 3883 331 3936 di
350 3883 450 3938 darent
463 3883 525 3935 DZ
596 3884 707 3937 euenire
727 3885 793 3938 libri
807 3890 917 3952 practer
932 3885 958 3936 A
1032 3890 1109 3939 1253.
1128 3899 1219 3939 ruac-

72 3963 916 4032 ouonaounu1aruamur<uuquouursuasuaquoumra1A
1060 3963 1089 4015 di
1112 3964 1220 4017 danunt

73 4046 220 4113 Scioppius
238 4062 299 4099 cum
314 4043 349 4098 A.
370 4043 429 4096 idid
448 4047 536 4096 anuut
554 4044 588 4096 B.
609 4042 740 4097 didauiut
759 4043 787 4098 0.
808 4042 836 4096 di
855 4043 924 4097 daut
943 4044 1004 4096 DZ
1093 4043 1133 4096 dii
1147 4044 1217 4097 mihi

40 4138 47 4149 ·
73 4126 144 4178 dant
166 4124 207 4177 F.-
232 4126 265 4191 cs.
291 4124 470 4178 Hermanno
493 4120 582 4175 Elem.
606 4123 633 4176 d.
657 4139 691 4176 m.
714 4139 741 4189 p.
762 4127 830 4188 155,
855 4123 905 4176 coa·
928 4122 955 4175 di
980 4123 1048 4177 dard
1067 4122 1136 4176 mihi
1150 4141 1216 4192 pro

69 4207 151 4276 ponit
233 4204 313 4258 uobis
333 4205 399 4257 libri
414 4208 525 4270 praeter
543 4202 569 4253 A
639 4202 832 4273 uostrqqueC
911 4203 993 4255 matri
1012 4205 1098 4266 (matr
1116 4204 1147 4256 io
1166 4205 1218 4269 tit.)

70 4286 99 4339 Β
155 4290 232 4338 1254.
244 4286 399 4352 uranum!
418 4283 687 4351 1)1.;s·usrquouqvol
707 4287 1218 4350 umoaqrrasuoauuaruzsuurumm„

70 4379 129 4419 xus
148 4364 175 4416 A
268 4364 324 4417 Eaa
343 4365 396 4430 des.
416 4363 585 4417 Lacbbertue
606 4360 725 4415 Gronau.
746 4361 824 4418 Stoa.
844 4365 894 4417 ool.
915 4363 956 4415 ΙΙ
967 4380 997 4431 p.
1017 4368 1080 4418 240.
1100 4363 1155 4416 Eas
1173 4366 1216 4427 (aa

70 4447 103 4498 ἐπ
121 4446 177 4505 liu:
192 4450 256 4512 post
275 4461 287 4496 a
307 4446 395 4498 altero
414 4462 426 4497 a
446 4444 640 4513 distinguatur)
657 4442 692 4496 Β.
713 4443 779 4497 Eius
799 4444 957 4512 Geppcrtos.
977 4437 1018 4497 Eo
1037 4444 1155 4498 Bottiua
1177 4444 1179 4448 ⁴

70 4526 115 4579 dia
133 4525 292 4580 BODFZ
376 4542 466 4593 aequo
485 4523 519 4577 Β.
558 4540 676 4591 aequum
696 4524 797 4577 ΒΓΖ.
835 4524 979 4592 equumt'
1062 4522 1171 4593 gracias
1189 4524 1217 4577 Β

151 4612 226 4658 1255.
248 4617 1216 4672 QuorrrroauuaurruqauuuauquoaArrrurcoauurouarrauuuoa-

71 4697 168 4738 'raras
187 4686 213 4737 A
294 4702 356 4737 cum
377 4684 498 4738 GDFZ
569 4683 727 4754 approbant
744 4686 833 4753 (prior
852 4703 870 4753 p
888 4702 948 4753 sup.
967 4702 1017 4740 scr.
1037 4685 1079 4752 D)
1099 4684 1218 4737 UDFZ

144 4766 333 4833 decorantque
352 4767 396 4830 (or
413 4781 473 4833 sup.
493 4769 557 4830 scr.)
576 4765 604 4817 Β
683 4764 713 4817 di
730 4764 856 4820 BGDZ.
894 4764 933 4818 dii
953 4765 984 4818 F
1062 4765 1126 4820 Post
1145 4767 1217 4819 trane

72 4864 94 4898 r.
112 4844 138 4896 Β
157 4846 189 4898 ia
203 4863 289 4914 oraro.
305 4846 397 4899 hubo:
420 4852 437 4909 )(
461 4846 597 4914 paenulus
620 4853 637 4908 Χ
660 4846 695 4911 cs.
713 4863 737 4900 v.
752 4850 826 4902 1212
883 4851 958 4900 1256.
979 4859 1217 4914 uosmausura

66 4915 724 4993 'ruaarumraauuurcuaucoouurusuaa'ruu
742 4926 770 4978 A
856 4927 945 4999 qu
1023 4924 1162 4982 ambofitie
1181 4926 1215 4979 B.
