2910 5528
625 800 832 863 PRAEFATIO
1214 804 1304 861 XXXI

156 995 216 1039 suo
239 975 311 1038 iure
334 973 417 1038 dixit
443 969 541 1058 (adde
564 971 753 1056 Langenum
777 970 867 1036 Stud.
890 969 937 1036 Pl.
961 992 991 1054 p.
1014 972 1076 1037 173
1090 967 1167 1058 sq),
1194 975 1304 1038 tamen

156 1079 319 1145 eiusmodi
334 1078 591 1144 additamentum
611 1078 924 1162 importunissimum
939 1099 1017 1156 esse,
1037 1099 1100 1161 quo
1120 1079 1191 1143 loco
1209 1101 1305 1144 senex

155 1187 238 1251 nihil
262 1187 335 1272 agit
361 1185 426 1249 nisi
449 1191 486 1250 ut
509 1185 603 1250 aedes
629 1184 787 1267 inspicere
811 1185 929 1267 possit,
952 1185 1016 1248 iam
1040 1182 1214 1251 Lorenziue
1237 1208 1305 1251 mo·

156 1293 232 1358 nuit
253 1294 289 1357 in
308 1291 449 1357 editione
468 1293 578 1376 priore
601 1314 632 1375 p.
652 1290 726 1355 255.
756 1289 810 1354 Illi
829 1289 875 1354 rei
894 1289 1194 1355 commemorandae
1212 1313 1306 1374 uuus,

156 1401 184 1462 si
209 1398 289 1484 quid
306 1397 411 1482 rideo,
429 1401 525 1482 aptus
543 1402 614 1462 erat
631 1398 729 1479 locus,
748 1397 803 1462 ubi
818 1420 856 1460 ex
876 1397 1010 1461 aedibus
1028 1398 1171 1481 paternis
1192 1420 1304 1462 omnes

156 1506 336 1590 emigrasse
355 1503 476 1596 Tranio
500 1504 595 1589 fingit
617 1526 646 1568 r.
665 1503 731 1568 470
746 1526 791 1587 sq.
826 1502 909 1568 Nam
934 1508 1059 1587 patrem
1083 1504 1185 1568 filium
1210 1527 1305 1588 quae·

157 1616 285 1675 rentem
308 1609 587 1693 familiaribusque
611 1613 830 1692 exspectatum
850 1631 883 1672 se
904 1611 1010 1673 venire
1030 1611 1216 1693 opinantem
1235 1617 1305 1675 tum

157 1717 300 1781 maxime
323 1716 535 1802 quaesivisse,
558 1735 699 1798 quonam
724 1715 938 1799 emigrassent
961 1720 994 1780 et
1023 1716 1078 1780 ubi
1101 1718 1233 1782 tandem
1257 1719 1306 1781 in·

157 1824 271 1888 venire
285 1827 397 1907 posset
415 1823 527 1907 filium,
544 1821 613 1886 fere
631 1822 813 1886 necessario
828 1821 1057 1887 concludimus.
1086 1821 1200 1908 Neque
1216 1823 1305 1908 quid-

157 1952 258 2014 quam
286 1930 395 2014 aptius
422 1935 492 1994 tum
519 1929 641 2012 fingere
669 1928 776 2012 potuit
798 1927 917 1993 Tranio
946 1935 1014 1993 tam
1038 1951 1076 1993 ex
1104 1951 1211 1994 rerum
1240 1930 1306 1994 reri

153 2035 372 2100 similitudine
397 2057 493 2120 quam
513 2056 551 2099 ex
571 2034 700 2099 consilii
720 2033 906 2118 calliditate,
930 2057 992 2119 quo
1012 2035 1141 2120 longius
1166 2036 1303 2101 diutius-

155 2164 221 2227 que
239 2147 367 2227 patrem
385 2165 405 2206 a
423 2141 645 2207 Philolachete
663 2146 851 2224 removeret,
871 2163 1040 2225 quamtus
1060 2143 1153 2206 illum
1173 2143 1303 2209 abiisse.

153 2248 272 2333 ltaque
294 2253 371 2333 post
391 2271 421 2314 r.
436 2249 503 2313 470
517 2270 575 2332 sq:

220 2354 305 2431 Quia
328 2361 453 2439 septam
477 2371 603 2420 menses
628 2360 715 2436 sunt,
740 2377 837 2438 quom
860 2356 894 2418 in
916 2355 1012 2420 hasce
1036 2357 1125 2420 aedis
1148 2356 1262 2440 pedem

218 2460 327 2527 Nemo
350 2463 437 2527 intro
461 2461 585 2545 tetulit,
608 2462 707 2526 semel
731 2467 767 2526 ut
790 2462 1018 2546 emigrarimus

152 2569 361 2633 intercidisse
384 2572 442 2632 aut
464 2567 622 2633 eiusmodi
647 2569 853 2633 versiculum:

220 2677 284 2740 ΤΗ.
303 2675 385 2751 Quid
402 2675 472 2740 ais?
493 2677 547 2740 ubi
567 2681 678 2758 ergost
695 2676 925 2740 Philolaches?
948 2677 1006 2740 Tu.
1025 2676 1092 2739 llus
1112 2699 1146 2740 se
1166 2678 1289 2741 abdidit

153 2788 214 2848 aut
244 2784 352 2867 plures
386 2782 465 2845 adeo
495 2803 604 2844 versus
639 2780 755 2843 similis
790 2783 971 2865 argumenti
1003 2783 1302 2865 probabilissimum

152 2913 229 2954 esse
257 2889 347 2954 duco.
390 2888 478 2964 Quae
506 2910 579 2952 curn
608 2887 655 2950 ita
684 2887 764 2965 siut,
788 2888 820 2951 in
849 2889 1046 2952 membranis
1074 2887 1140 2954 (lc
1168 2896 1200 2952 ct
1225 2889 1306 2954 llo

152 2998 338 3061 auctiorem
360 2995 459 3059 fuisse
478 2994 730 3058 Ambrosianum
750 2999 807 3058 aut
830 3015 985 3078 negamus
1005 3003 1060 3058 aut
1083 2997 1304 3060 demonstrare

153 3105 276 3167 saltem
304 3125 371 3167 non
400 3124 580 3185 possumus
622 3098 743 3165 Contra
771 3102 867 3184 plane
899 3103 1106 3166 confirmatur
1134 3102 1305 3167 Ilitschelii

153 3210 315 3274 iudicium
342 3209 381 3272 de
410 3208 530 3272 maiore
558 3207 675 3272 lacuna
702 3211 777 3290 post
806 3230 833 3271 v.
854 3209 954 3290 1026,
979 3209 1033 3272 ubi
1063 3210 1127 3272 iam
1152 3214 1305 3292 quattuor

153 3336 309 3379 versuum
329 3313 483 3397 reliquiae
502 3335 540 3377 cx
560 3313 631 3396 ipso
651 3313 682 3376 A
702 3319 914 3397 accesserunt,
935 3336 1027 3396 quem
1049 3338 1086 3377 ex
1106 3317 1303 3399 insequentis

153 3424 228 3487 folii
259 3420 417 3503 deperditi
445 3420 687 3503 computatione
711 3420 871 3502 probabili
895 3420 974 3483 XXI
1002 3421 1132 3504 insuper
1161 3423 1304 3486 senarios

153 3528 356 3593 continuisse
385 3523 623 3590 Studemundus
652 3526 771 3608 effecit,
797 3533 831 3589 ut
859 3528 1092 3609 propemodum
1121 3532 1205 3591 recte
1230 3526 1304 3591 ‘oir-

154 3637 240 3699 citer
267 3631 397 3697 XXIlI'
427 3632 657 3698 desideraverit
684 3639 718 3697 et
749 3633 885 3716 exempli
917 3655 1014 3697 causa
1044 3634 1208 3698 refinxerit
1237 3634 1306 3698 Rit-

154 3740 302 3806 schelius
326 3738 381 3825 (cf.
405 3741 540 3824 append.
565 3736 658 3823 crit).
695 3740 841 3823 Denique
865 3741 897 3803 in
922 3741 1009 3805 exitu
1033 3740 1162 3804 fabulae
1187 3741 1305 3804 rectius

155 3871 223 3911 non
248 3847 287 3911 dc
312 3848 522 3930 quaternione
540 3845 657 3927 XLIV,
677 3846 731 3909 sed
756 3847 795 3910 de
817 3847 949 3911 binione
972 3848 1137 3931 deperdito
1162 3848 1305 3929 cogitan-

155 3955 234 4018 dum
268 3974 340 4016 esse
373 3958 406 4017 et
433 3952 598 4036 Hesperus
626 3953 707 4016 dixit
739 3953 773 4015 in
803 3953 1073 4017 commentatione
1105 3954 1143 4016 de
1171 3952 1304 4016 Poenuli

155 4063 246 4124 exitu
265 4060 386 4142 duplici
405 4061 467 4143 pt)
485 4061 555 4124 adn.
575 4064 608 4123 et
628 4058 866 4124 Studemuudus
886 4061 1036 4143 probavit
1055 4062 1088 4122 in
1109 4061 1305 4142 apographa

155 4167 363 4252 ‘praesertim
392 4189 464 4230 cunr
500 4168 579 4231 alibi
608 4189 734 4251 quoque
763 4169 796 4230 in
826 4166 1010 4231 fabularum
1043 4167 1131 4229 exitu
1160 4167 1304 4228 biniones

155 4275 323 4339 adhibitos
347 4295 417 4336 esse
441 4271 577 4337 constct'
605 4272 659 4356 (cf.
682 4272 783 4336 Pers.2
806 4272 905 4354 praef.
930 4295 959 4354 p.
979 4270 1025 4333 IX
1049 4267 1144 4354 adm).

247 4382 350 4445 Porro
371 4380 409 4443 de
428 4380 806 4463 transpositionibus
826 4401 927 4464 agens
946 4377 1141 4441 Ititschelius
1161 4378 1305 4460 scripsit:

157 4489 261 4564 ‘Quae
291 4486 404 4550 i'abnla
427 4486 562 4569 integris
587 4487 711 4549 scaenis
745 4487 925 4570 amplisque
950 4506 1136 4547 scaenarum
1160 4484 1306 4568 partibus

154 4599 243 4661 iuter
273 4617 308 4658 se
337 4593 482 4657 traiectis
512 4594 643 4656 turbata
672 4597 733 4674 est,
761 4616 832 4656 eam
861 4592 978 4656 mirum
1008 4613 1077 4654 esse
1105 4612 1169 4654 non
1198 4595 1306 4672 potest

154 4705 255 4768 etiam
276 4701 419 4765 minores
435 4701 485 4763 vel
505 4700 719 4784 singularium
736 4701 785 4762 rel
806 4699 1016 4782 pauculorum
1037 4720 1183 4761 versuum
1203 4704 1306 4761 trans·

156 4812 340 4895 positiones
366 4811 531 4891 expertam
557 4830 634 4871 esse.
674 4806 776 4891 idque
800 4807 865 4869 iam
891 4805 1096 4868 Ambrosiam
1126 4808 1231 4868 aetate
1256 4827 1305 4869 ac-

153 4917 275 4983 cidisse
308 4936 381 4981 cum
415 4915 479 4979 alia
510 4914 720 5000 persuadent,
754 4920 789 4978 ut
818 4936 856 5012 ον.
876 4914 938 4976 631
956 4936 1002 4995 sq.
1027 4914 1105 4997 741,
1137 4915 1204 4977 tum
1238 4914 1306 4977 cius
