2910 5528
654 342 788 401 PLAVTI
1097 343 1134 401 Iv
1147 354 1171 415 2,
1187 352 1215 401 16

623 503 814 563 Puususamo

915 580 1033 650 Hercle
1056 582 1139 647 hanc
1161 585 1215 667 quis

150 687 212 755 N1'l
235 694 270 755 tu
295 688 446 754 amassis:
470 688 515 752 mi
539 688 618 753 haee
642 688 842 772 desponsast.
874 687 940 754 u'bi
965 690 992 754 si
1016 690 1075 753 illa
1097 690 1215 756 hodie1

787 797 876 880 serit,

150 885 223 990 Ego
247 905 332 969 hane
355 903 507 967 continuo
532 905 663 967 uxdrem
688 903 811 970 ducam.

585 1040 853 1099 'Pssuosomumss

650 1134 733 1211 Quid
757 1142 834 1220 ergo
859 1135 943 1201 hanc
967 1135 1097 1202 dubitas
1120 1137 1215 1202 edalo(

624 1275 815 1329 Psuusssmo

152 1348 291 1435 Sequere
315 1349 376 1414 hac
400 1372 450 1414 me
474 1371 559 1435 ergo.

594 1455 853 1509 Psauooomsxcss

578 1545 773 1630 Pedisequos
796 1547 857 1610 tibi
880 1568 959 1611 sum.

620 1685 827 1740 Mammeos
910 1737 918 1755 ,

894 1760 1025 1825 Vtinam
1051 1761 1166 1846 quoius
1188 1780 1215 1844 gs

152 1867 254 1933 Foras
278 1890 348 1932 sum
373 1888 512 1953 egressa,
535 1867 748 1931 e6uueniundi
773 1864 858 1931 mihi
882 1872 1025 1952 potestas
1048 1870 1175 1933 euenat

154 1994 366 2003 ——.--——-—·

152 2064 205 2117 dae
219 2066 229 2135 ΙΙ
243 2063 283 2132 Β)
308 2060 470 2117 BODFZ.
507 2060 580 2115 Nam
603 2061 672 2114 haec
691 2060 810 2128 lacerta,
834 2061 922 2117 mullo
942 2062 1074 2129 absente,
1093 2080 1138 2117 me
1156 2061 1215 2130 adig

152 2147 184 2198 ut
204 2161 303 2198 amem.
331 2144 387 2198 PA.
408 2139 507 2196 Hercle
525 2139 597 2194 hanc
617 2141 729 2210 quidem
743 2141 916 2198 Ritseheliae.
945 2141 1014 2195 Tum
1035 2143 1106 2196 haec
1125 2142 1215 2196 locuta

153 2226 248 2279 autem
270 2224 395 2290 absente,
414 2220 520 2290 subigit
538 2222 656 2276 sente.
675 2238 700 2289 q.
718 2214 739 2278 e.
758 2221 894 2276 Botulus:
923 2221 985 2291 ‘pro
1003 2238 1056 2292 qao
1077 2223 1215 2289 debelota

152 2303 262 2371 locuta,
289 2302 340 2357 illa
365 2305 458 2356 eutem
486 2300 616 2366 absente,
646 2317 689 2354 me
715 2301 805 2370 adigit
830 2319 860 2355 ss
884 2303 916 2355 ut
939 2319 960 2356 e.
980 2320 1005 2371 q.
1027 2319 1063 2357 a:
1082 2318 1215 2372 quamquo

151 2385 201 2439 loc
223 2385 330 2454 quidem
355 2383 465 2447 defendi
485 2397 563 2449 posse
581 2381 705 2434 coacedo’
726 2381 899 2436 Ritselselius.
936 2381 1008 2436 Nem
1028 2382 1099 2436 haec
1118 2382 1215 2437 locuste

153 2465 339 2533 Kieselinaius
364 2462 438 2518 Mus.
462 2462 550 2516 Rieu.
573 2461 625 2514 vol.
644 2465 682 2517 24
700 2462 738 2526 (a.
757 2465 843 2529 1869)
864 2479 893 2531 p.
914 2467 976 2516 116.
1007 2463 1042 2528 cs.
1067 2462 1215 2517 &lucidos

147 2545 273 2614 proverb.
299 2561 328 2613 p.
350 2546 396 2598 20.
444 2542 516 2596 Nem
544 2540 614 2594 haec
639 2538 720 2594 lauta
743 2540 793 2594 ille
816 2543 894 2595 lauta
920 2541 1036 2596 absente
1061 2541 1207 2612 Seyffertas

149 2625 247 2694 philol,
269 2624 289 2677 1
307 2627 345 2690 (a.
365 2626 451 2689 1869)
465 2638 495 2690 p.
514 2625 568 2674 118
577 2636 615 2688 sq.
689 2619 758 2674 Cum
776 2622 846 2677 haec
866 2623 994 2688 locutus,
1013 2621 1065 2675 ille
1083 2621 1215 2675 autemst

154 2703 246 2773 adigit
264 2719 309 2756 me
328 2706 360 2757 ut
373 2718 463 2756 amem
479 2699 572 2754 hercle
587 2699 660 2753 haue
679 2698 792 2767 quidem
808 2701 982 2757 Camerarius
999 2706 1031 2763 (a
1049 2702 1104 2757 Pio
1121 2702 1209 2772 adigit

153 2791 246 2850 scens).
277 2783 350 2849 Quid
364 2782 416 2836 illa
430 2783 524 2836 eutem
540 2780 647 2848 absens,
667 2798 729 2834 cum
744 2781 814 2835 haec
830 2782 924 2834 locutu
939 2780 1054 2852 subigit,
1074 2798 1119 2834 me
1137 2785 1171 2835 ut
1187 2797 1215 2833 eu

154 2864 212 2919 PA.
231 2864 330 2918 Hercle
353 2865 426 2916 hauc
451 2861 563 2930 quidem
589 2862 743 2916 Acidaliae.
781 2859 850 2915 Cum
874 2863 943 2916 haec
967 2860 1047 2916 celox
1064 2865 1125 2915 tem
1143 2861 1213 2914 belis

154 2949 249 2998 autem
267 2943 367 2998 absens
386 2941 494 3009 subigit
512 2958 557 2994 me
576 2943 607 2993 at
624 2956 715 2994 amem
735 2942 806 2996 hano
825 2941 936 3009 quidem
956 2943 1118 2996 Palmeias.
1147 2940 1215 2995 locut

153 3026 283 3094 ascripsit
301 3024 438 3092 Berakias
459 3022 510 3090 Op.
531 3022 552 3074 I
572 3039 602 3090 p.
622 3026 677 3075 671
786 3027 863 3075 1007.
883 3022 964 3076 Nilul
982 3023 1116 3091 apparuit
1134 3022 1208 3076 iad

154 3103 231 3159 PsL.
254 3105 436 3174 praemittunt
455 3102 514 3156 ΕΖ
600 3099 680 3154 Nihil
706 3102 861 3157 BGDFZ
957 3104 1035 3155 tuam
1062 3103 1133 3156 assis
1159 3101 1215 3156 Be.

155 3183 256 3237 massis
275 3184 305 3237 1)
395 3181 465 3236 mihi
491 3183 559 3236 hese
579 3181 636 3236 OZ.
665 3180 734 3235 mihi
753 3184 805 3236 hec
823 3182 927 3237 BDF.
967 3183 1034 3236 mihi
1053 3180 1215 3237 Ritsclselias

155 3264 255 3318 Botltio
346 3263 484 3332 desponsa
502 3264 546 3315 est
564 3262 599 3315 B.
627 3263 823 3331 desponsatast
838 3262 961 3317 ΟΜΖ
1044 3262 1098 3316 tibi
1117 3261 1209 3318 oiu.B

154 3343 280 3397 nubserit
300 3344 356 3398 OD
430 3349 505 3397 1008.
525 3343 608 3396 Nihil
625 3345 759 3412 apparuit
781 3346 813 3396 iu
832 3345 858 3397 A
949 3342 1009 3411 Ego
1029 3344 1163 3398 contiuuo
1182 3347 1215 3396 ‘us

155 3424 228 3478 hauc
254 3425 420 3480 Bitsctaelias
447 3424 595 3492 Proleyouae.
617 3441 648 3492 p.
674 3429 745 3490 127,
771 3423 890 3479 Reiaias.
928 3424 1007 3478 Hanc
1031 3424 1163 3478 continuo
1186 3441 1215 3476 us

155 3521 208 3574 ego
227 3504 345 3559 Bothias
435 3504 502 3573 quid
530 3521 597 3573 ergo
625 3505 697 3558 hanc
724 3506 792 3569 (hac
817 3503 856 3568 B)
878 3501 1048 3569 BODFZ,
1075 3507 1139 3558 iteus
1163 3503 1215 3558 ‘litt

155 3585 233 3640 teres‘
252 3584 390 3639 Lambini.
418 3584 494 3653 Ergo
507 3582 580 3638 hanc
599 3582 666 3651 quid
684 3585 850 3640 Bitschellas
935 3582 1058 3651 colloqui
1082 3583 1139 3638 01)

154 3683 217 3720 ram
235 3667 269 3719 ab
288 3667 337 3719 loc
354 3682 378 3720 a.
398 3664 577 3719 Hermaauas
599 3664 664 3718 olim
687 3671 856 3736 asyuartetos
879 3681 991 3720 exorsae
1013 3671 1051 3718 est
1073 3681 1088 3718 e
1109 3667 1215 3720 dimetro

155 3746 248 3801 cteaico
266 3745 415 3800 acatalecto
434 3750 458 3798 et
476 3745 592 3799 iambico
610 3744 724 3813 dimetro
744 3746 900 3800 catalectico
921 3747 1095 3815 compositos,
1116 3747 1215 3815 uastae

155 3843 237 3895 qaam
260 3841 387 3880 scaenam
407 3824 503 3878 Reieio
521 3828 631 3877 auclore
654 3824 794 3895 discripsit
817 3827 848 3879 iu
862 3827 936 3880 libro
954 3826 987 3879 de
1004 3827 1097 3881 metris
1119 3844 1147 3894 p.
1167 3830 1215 3880 391

155 3922 232 3974 qoem
247 3912 353 3960 secatus
370 3911 409 3959 est
426 3904 544 3959 Bottiaia
600 3910 675 3958 1009.
695 3906 776 3959 Nihil
794 3908 825 3959 iu
845 3909 870 3959 A
890 3907 1022 3974 apparuit
1080 3906 1215 3975 pedisequ

155 3985 302 4054 pedisecos
327 3984 363 4038 F.
392 3983 472 4054 pedis
498 3984 576 4052 equis
600 3983 636 4038 B.
664 3986 743 4053 pedis
769 4003 869 4053 sequus
896 3985 952 4039 OD
1040 3986 1119 4039 cuius
1147 3986 1215 4041 Bet

245 4064 339 4133 gratia
368 4066 520 4119 Muellerus
541 4064 617 4118 Proa.
638 4081 665 4133 p.
687 4070 748 4121 184.
781 4083 865 4120 cause
883 4064 1042 4119 BODFZ.
1080 4081 1167 4119 causa
1183 4065 1215 4119 fou

156 4143 217 4197 Huc
236 4162 295 4197 sum
316 4144 622 4198 o.1()1(}Rilseltelias.
660 4161 744 4199 ceusu
767 4145 850 4200 anxia
871 4149 881 4214 n
902 4144 988 4198 Foras
1006 4144 1180 4201 Retices-ius.

156 4239 209 4292 ego
229 4223 283 4276 huc
298 4227 306 4294 tt
321 4224 406 4276 Foras
430 4223 573 4293 Uesiuuiae
654 4242 714 4277 sum
739 4225 813 4279 foras
831 4218 943 4294 lCau'sa
962 4225 1108 4294 Haaptias
1128 4225 1215 4295 opusc

157 4304 216 4358 111
227 4321 256 4372 p.
276 4309 339 4357 466.
376 4305 410 4370 cs.
435 4304 595 4372 Spenuelies
617 4304 647 4356 Τ.
665 4304 754 4359 Maec.
776 4305 820 4359 Pl.
837 4323 865 4374 p.
884 4308 943 4361 226
1015 4306 1136 4374 Sequere
1156 4308 1215 4360 hac.

158 4383 329 4453 Pedisequos
340 4381 393 4437 tibi
411 4400 479 4436 sum.
506 4384 579 4438 ΜΠ).
590 4384 703 4440 Vtinam
714 4386 812 4455 quoius
827 4402 911 4439 causa
925 4403 985 4439 sum
1000 4370 1081 4438 farei
1094 4388 1104 4455 32
1118 4386 1179 4440 Huc
1188 4402 1215 4456 es

158 4465 190 4516 iu
208 4465 272 4517 adis.
298 4463 462 4517 Ritseheliao
552 4472 628 4520 1010.
649 4479 689 4518 ΕΝ
708 4467 813 4520 litterae
829 4467 879 4520 sut
898 4467 978 4532 finem
996 4464 1215 4536 apparamatfi
