2910 5528
748 1452 912 1508 ammo

258 1583 324 1662 Qus
344 1585 442 1650 homo
466 1585 599 1650 timidus
623 1586 685 1649 erit
707 1584 742 1648 in
765 1586 861 1649 rebus
885 1584 1007 1668 dubiis,
1029 1583 1124 1650 nauci
1147 1586 1216 1650 non
1239 1586 1315 1651 erit:

257 1684 365 1776 Atque
385 1692 544 1777 equidem,
564 1691 640 1775 quid
659 1691 692 1755 id
706 1694 776 1756 esse
791 1691 896 1755 dicam
915 1692 1051 1756 uerbum
1069 1693 1179 1777 nauci,
1198 1694 1318 1760 neseio.
1333 1710 1395 1760 1042

257 1796 344 1863 Nam
373 1821 446 1864 erus
479 1821 530 1863 me
557 1799 730 1882 postquam
757 1820 812 1862 rus
840 1798 943 1881 misit,
970 1795 1078 1863 filium
1107 1802 1145 1863 ut
1175 1820 1269 1865 suom
1300 1803 1396 1866 arces·

1106 1925 1224 1987 serem,
1335 1924 1398 1972 1044

257 1993 336 2074 albii
359 2012 436 2075 illac
459 2035 516 2094 per
538 2013 745 2096 angiportum
769 2011 809 2075 ad
834 2010 963 2075 hortum
987 2015 1134 2076 nostrum
1157 2012 1348 2079 clanculum.

349 2210 424 2260 1041.
447 2206 612 2261 Priscianus
630 2207 695 2260 inat.
713 2205 757 2258 VI
767 2207 874 2272 p-204,
893 2204 989 2258 1411:
1015 2203 1044 2258 in
1062 2203 1073 2258 i
1090 2202 1194 2259 Latina
1216 2205 1277 2260 siue
1297 2206 1397 2261 Graeca

259 2284 439 2338 inueniuntur
458 2288 486 2340 et
508 2286 608 2339 neutra
631 2288 696 2338 sunt
718 2283 764 2338 uel
788 2282 878 2338 omnis
897 2283 1007 2353 generis
1026 2286 1056 2339 ct
1077 2286 1191 2354 aptota:
1218 2284 1267 2339 hic
1285 2288 1314 2342 et
1331 2286 1396 2340 baec

258 2366 287 2416 et
306 2364 359 2417 hoc
378 2361 460 2432 frugi,
480 2362 570 2431 nihili,
590 2364 722 2431 mancipi,
741 2361 910 2430 huiusmodi,
930 2361 1013 2419 nauci
1031 2379 1153 2433 quoquc,
1174 2363 1251 2433 quod
1269 2368 1396 2435 potamon

257 2442 337 2496 nucia
361 2442 503 2512 significat
521 2448 550 2496 ct
572 2460 623 2511 pro
646 2442 735 2499 nihilo
759 2442 904 2512 accipitur.
942 2442 1058 2497 Plautus
1080 2444 1112 2498 in
1133 2443 1310 2499 Mostellaria
1328 2445 1396 2514 ‘qui

338 2521 431 2576 orit'.
525 2528 600 2577 1042.
627 2523 726 2578 Festus
745 2541 772 2593 p.
787 2528 851 2588 166,
869 2527 904 2576 14
914 2523 969 2579 M..·
993 2539 1112 2578 naucum
1133 2523 1176 2578 ait
1193 2523 1293 2579 Ateius
1310 2526 1396 2595 philo·

257 2603 338 2670 logos
364 2603 432 2670 poni
455 2620 506 2671 pro
525 2602 619 2671 nugis,
641 2602 752 2657 Cincius
775 2604 850 2672 quod
874 2601 904 2656 in
922 2602 1002 2658 oleae
1021 2621 1037 2657 a
1055 2604 1135 2659 nucia
1158 2606 1234 2673 quod
1257 2605 1334 2660 intua
1355 2607 1396 2671 sil,

257 2679 354 2735 Aelius
369 2680 440 2735 Stilo
460 2683 581 2736 omnium
601 2698 691 2736 rerum
711 2686 854 2752 putamen.
887 2684 1119 2752 glossematorum
1138 2686 1235 2740 autem
1253 2685 1395 2755 scriptores

257 2759 341 2813 fabae
355 2760 436 2829 graui
451 2761 526 2828 quod
540 2763 657 2816 haereat
669 2760 699 2815 in
714 2761 817 2816 fabulo.
843 2762 958 2831 quidam
973 2781 1007 2818 cx
1022 2761 1128 2819 Graeco
1143 2764 1220 2833 quod
1240 2765 1279 2819 cit
1292 2767 1337 2820 vul
1352 2767 1393 2818 aul

257 2836 324 2908 οὐχί
340 2842 430 2895 leuem
450 2841 591 2897 hominem
611 2841 770 2912 significari.
799 2841 913 2910 quidam
932 2842 1010 2898 nucia
1030 2843 1172 2913 iuglandis
1191 2861 1277 2915 quam
1289 2845 1393 2900 Verrius

257 2919 439 2987 iugulandum
459 2924 542 2976 uocat
560 2921 685 2975 medium
703 2922 783 2975 uelut
801 2922 1040 2993 dissepimentum.
1077 2925 1195 2979 Plautus
1211 2927 1352 2980 ....item
1370 2926 1394 2977 iu

258 2999 432 3055 Mostellaria
452 3003 554 3070 ‘quod
574 3005 607 3057 id
700 3000 841 3057 uescio’.

347 3172 408 3224 Aa.
425 3170 451 3223 V
472 3170 547 3227 aar
580 3170 717 3226 calmo
746 3172 789 3226 a.-
816 3172 851 3238 cs.
875 3173 912 3226 aa
939 3189 963 3229 v.
984 3177 1064 3227 zoua
1106 3171 1248 3228 calmo
1264 3204 1271 3217 ·
1287 3130 1394 3229 suavs-

257 3250 864 3359 rauvaopaus.illlllromurB.
891 3303 1394 3361 saavvsaflamio.cuuvao

257 3382 369 3438 PIDES.
391 3382 475 3438 SIMO
495 3383 608 3437 SENES
628 3382 681 3451 (ES
695 3400 729 3437 co:
743 3384 802 3453 EX)
821 3383 970 3438 LORARII
987 3384 1040 3439 Du
1058 3386 1090 3438 in
1102 3386 1157 3450 fiac
1167 3389 1300 3455 pacione.
1317 3390 1395 3443 cuitu

256 3482 280 3519 c.
299 3470 369 3533 aput.
390 3463 419 3519 Ο.
457 3463 559 3518 Seruus
574 3465 684 3519 'Franio
722 3463 899 3534 Teuropides.
932 3463 1009 3518 Simo
1028 3463 1110 3519 senes.
1148 3465 1268 3524 Lorarii.
1287 3466 1395 3523 Danista

258 3545 284 3597 Z
301 3550 325 3599 et
344 3546 406 3614 (om.
427 3544 531 3598 Seruus
545 3551 569 3598 cl
588 3544 678 3611 senes)
698 3544 729 3598 F
786 3550 863 3599 1041.
884 3544 936 3598 ΤΒ,
952 3561 1056 3613 praem.
1075 3544 1103 3598 B
1163 3544 1227 3610 Qvi
1246 3545 1349 3602 Homo
1361 3547 1394 3601 B.

256 3624 298 3696 ]ui
318 3625 427 3678 homG
510 3623 635 3677 tumidus
651 3624 674 3678 0
690 3630 753 3679 arcte
770 3641 825 3679 rua.
912 3623 1006 3678 dubiis
1020 3623 1198 3693 Ρήεοίαπιιε,
1219 3624 1395 3681 Camerarius.

256 3704 335 3758 dubii
354 3703 390 3757 lis
404 3705 517 3759 BoOD
531 3710 594 3758 urite
608 3721 676 3760 corr.
714 3702 809 3758 dubiis
823 3702 849 3757 is
862 3704 912 3757 Bb
935 3720 996 3759 cum
1012 3719 1079 3769 rac,
1097 3704 1128 3758 D
1141 3721 1175 3758 ex
1189 3721 1270 3771 corr,
1290 3706 1350 3762 ΓΖ

255 3785 334 3838 nauti
355 3785 392 3839 Z:
411 3785 474 3838 itera
488 3786 616 3853 proximo
634 3803 658 3840 c.
748 3785 866 3839 nouerat
885 3781 909 3836 0
996 3788 1073 3837 1042.
1096 3782 1143 3838 Sic
1161 3784 1238 3851 libri,
1257 3787 1314 3840 nisi
1330 3786 1397 3856 qriocl

255 3865 402 3931 ecquidem
419 3865 445 3917 Ζ
497 3879 610 3932 Qiiiuio
625 3866 659 3917 A.
689 3865 762 3931 quod
778 3865 806 3917 id
821 3862 922 3918 Festus
967 3863 1160 3919 cannuccio
1174 3864 1395 3935 lotapatae)

311 3951 387 3999 1044.
414 3944 461 3999 Sic
479 3946 558 4011 libri,
581 3946 638 3998 uisi
656 3945 727 4013 quod
745 3943 808 4012 poll
826 3942 880 4010 qua
901 3942 925 3996 0
1010 3944 1397 4013 uwmmsunmflmssn-

255 4038 319 4077 aaut
337 4026 365 4078 A
390 4026 448 4093 (cix
466 4025 550 4078 dubio
571 4027 628 4093 ur),
664 4025 697 4076 ut
714 4023 804 4077 filium
823 4022 899 4077 suum
919 4022 1085 4079 accerserem
1108 4022 1210 4092 reliqui
1236 4026 1294 4093 (oud
1312 4040 1396 4081 accer-

255 4103 340 4206 sirem
360 4140 436 4207 Bb).·
455 4140 504 4193 ubl
522 4142 553 4193 ut
571 4140 635 4194 crui.
654 4138 773 4193 Botulus
791 4138 827 4208 (*)
883 4143 960 4194 1045.
979 4151 1396 4210 aairrauaaaaauamoaam-

256 4220 736 4289 aouoaruumoaaamicoaacuu13¹
755 4221 795 4285 A,
817 4221 866 4273 ubi
883 4218 980 4273 Abilla
998 4219 1096 4275 BOD.
1127 4219 1170 4273 Ab
1185 4218 1239 4274 illo
1254 4221 1313 4275 ΡΖ
1328 4220 1397 4289 (Alii

255 4301 306 4354 illa
326 4302 502 4357 Carrrcrurius
520 4318 580 4355 curn
599 4303 635 4365 A,
654 4306 685 4354 ut
702 4301 773 4355 cirta
792 4301 841 4354 ubi
859 4299 924 4354 illac
939 4300 1060 4354 Briaius
1078 4300 1115 4353 ad
1136 4300 1202 4353 Mil.
1219 4303 1268 4371 63)
1338 4299 1397 4384 agui

256 4390 285 4455 (g
304 4406 337 4443 ex
355 4394 384 4457 n)
403 4388 471 4457 angi
489 4391 601 4457 portum
616 4391 643 4443 B
702 4390 794 4443 ortum
811 4388 870 4442 FZ
