2910 5528
149 695 226 764 1113,
244 702 350 750 rr—ee
667 697 784 752 PERSA

151 857 238 925 Cedo
262 857 307 924 sis
331 859 377 924 mi
401 863 584 945 argentum,
609 859 650 923 dd
674 861 753 943 mihi
777 866 965 946 argentum,
987 861 1154 946 inpudens.

149 965 289 1030 Possum
311 971 344 1029 te
368 966 495 1051 exigere
519 967 712 1053 argentum?
736 971 904 1050 argentum
929 969 1060 1054 inqudm
1085 969 1173 1034 oedo.

150 1072 238 1148 Quin
261 1076 300 1137 ut
323 1073 368 1138 mi
391 1077 560 1159 argentum
585 1073 716 1139 reddis?
753 1075 839 1138 nilne
863 1077 896 1138 te
919 1075 1040 1160 pudet?

150 1178 240 1243 Leno
263 1183 297 1243 te
321 1183 490 1265 argentum
515 1180 634 1263 poscit,
658 1179 763 1244 solida
786 1182 941 1265 seruitus,

149 1284 213 1350 Pro
238 1282 407 1351 liberanda
429 1283 548 1351 amica:
572 1291 609 1350 ut
632 1308 743 1351 omnes
768 1286 912 1351 audiant.

657 1444 792 1498 Toxrnvs

152 1551 252 1636 Tace,
276 1552 409 1617 obsecro
433 1552 554 1617 hercle:
577 1553 617 1616 nd
640 1556 697 1617 tua
720 1575 782 1616 uox
806 1554 911 1618 ualidd
935 1556 1032 1620 ualet.
1104 1536 1110 1545 ⁸

641 1691 804 1747 Dounnnvs

150 1799 352 1865 Referundae
375 1822 436 1887 ego
460 1800 565 1866 habeo
589 1799 733 1886 linguam
757 1805 868 1866 natam
891 1806 1025 1888 gritiae.

150 1907 275 1972 Eode'm
299 1908 379 1973 mihi
402 1909 506 1993 pretio
531 1908 579 1972 ed}
604 1908 814 1992 praehibetur
838 1911 901 1993 qud
925 1912 995 1977 tibi.

152 2012 224 2078 Nisi
249 2037 301 2079 me
324 2015 405 2081 hado
428 2016 589 2100 defendet,
613 2020 787 2100 mtmquam
811 2015 954 2102 delinget
977 2021 1088 2086 salem.
1245 2040 1297 2088 430

155 2132 368 2140 ...ψ-ὠ

150 2192 196 2256 (cf.
210 2196 276 2258 491,
293 2195 321 2254 1)
336 2217 370 2236 =
384 2191 493 2247 Probus
511 2191 616 2256 cathol.
633 2192 654 2243 I
667 2208 696 2260 ρ.
713 2196 758 2258 10,
773 2197 811 2246 18,
824 2191 861 2247 K.
886 2194 933 2260 (cf.
948 2198 994 2263 14,
1011 2200 1054 2251 33.
1075 2202 1122 2263 38,
1136 2200 1200 2264 29):
1228 2196 1295 2250 ‘ho'

152 2269 232 2324 finita
250 2271 443 2339 producuntur
462 2271 664 2341 [producentur
679 2271 800 2341 Probus]
820 2270 850 2325 in
869 2273 1009 2342 genetiuo,
1028 2279 1060 2329 ut
1078 2277 1123 2347 [nt
1135 2293 1186 2331 om.
1202 2277 1297 2331 Socer·

151 2351 211 2421 dou]
233 2350 376 2406 ‘luroho
395 2350 548 2407 turchonir’
569 2349 673 2405 lectum
691 2367 792 2405 nomen
808 2351 836 2403 in
852 2351 952 2407 Plauto
968 2352 1127 2422 significans
1142 2370 1297 2425 ganeonem

154 2430 296 2500 [nepotem
311 2430 508 2486 deuoratorem
522 2432 586 2486 add.
599 2431 727 2502 Protea}
762 2431 841 2485 Adde
856 2431 984 2486 Seruium
1001 2435 1033 2487 iu
1046 2435 1114 2488 Aen.
1131 2435 1177 2487 VI
1185 2439 1215 2489 A:
1233 2434 1298 2489 thus

152 2512 180 2564 et
204 2511 306 2565 orchus
332 2514 443 2567 ueteres
466 2510 600 2565 dicebant
623 2512 653 2565 et
675 2511 797 2565 luroho
820 2510 849 2564 id
873 2513 918 2565 est
935 2528 1034 2581 uorax,
1059 2514 1159 2581 quibua
1179 2532 1297 2582 sequena

150 2592 229 2644 aetas
247 2591 373 2645 detraxit
391 2590 599 2662 aspirationem.

243 2756 303 2804 422.
324 2752 372 2808 Sic
392 2755 417 2807 A
439 2755 496 2822 (sed
514 2753 584 2807 mihi
603 2753 668 2821 bis),
685 2753 734 2806 ubi
752 2749 845 2805 Coedo
860 2751 923 2805 BG.
953 2751 1022 2823 cedo
1037 2752 1098 2804 DZ
1149 2757 1297 2820 unguntum

152 2828 261 2884 damihi
284 2836 430 2902 argentam
453 2834 480 2886 B
505 2837 532 2903 (n
552 2838 615 2903 post
634 2850 653 2900 g
671 2833 702 2885 io
726 2850 740 2886 e
765 2834 878 2901 mutato)
968 2830 1117 2899 impudens
1138 2832 1196 2887 BG

151 2990 210 3045 sum
230 2994 276 3045 ate
296 2993 407 3062 exigere
426 2992 483 3047 BG
499 2999 524 3048 et
543 2993 630 3048 coedo
654 2992 682 3045 B
754 2993 858 3047 Contra
880 2995 923 3047 tric
946 3008 1038 3047 varus
1061 3009 1121 3047 cum
1144 2996 1242 3048 vicinis
1259 2997 1299 3048 sic

145 3074 319 3142 peremptus
337 3079 397 3128 erut
415 3075 446 3127 in
465 3074 530 3128 Da:

276 3151 350 3225 Cedo
370 3152 407 3206 iis
422 3152 492 3207 mihi
512 3154 630 3223 argentd
646 3152 734 3221 inqua
754 3152 823 3225 cedo
842 3151 942 3220 quintu
962 3152 1032 3206 mihi

277 3233 405 3302 Argentd
425 3233 518 3288 reddis
533 3230 606 3286 nihil
625 3232 654 3286 ni
673 3235 701 3287 to
720 3233 801 3301 puddu
819 3233 882 3287 leno
902 3236 929 3287 te
949 3235 1067 3302 argentd
1088 3235 1174 3304 poioit

150 3314 262 3369 omissio
279 3315 376 3368 mediis
396 3320 474 3384 (quae
488 3331 604 3383 prorsus
621 3316 664 3368 ito
681 3316 852 3370 transierunt
870 3315 901 3367 in
921 3313 959 3382 Z,
981 3316 1038 3369 nisi
1058 3317 1129 3384 quod
1148 3333 1179 3370 eu
1198 3331 1295 3384 argen-

147 3396 220 3450 tum,
248 3397 396 3463 argentum
414 3401 439 3448 et
458 3396 525 3449 cedo
544 3396 623 3450 tabet
640 3412 664 3450 v.
678 3396 794 3464 priore):
813 3396 862 3447 ubi
881 3411 940 3449 eum
954 3401 1019 3463 post
1032 3397 1137 3450 medius
1150 3397 1294 3464 interposi-

148 3480 197 3530 Μ
215 3480 281 3530 erret
299 3493 317 3530 a
335 3474 386 3530 Db
404 3476 572 3530 hievernus:

313 3552 431 3623 Exigere
451 3558 577 3624 argentri.
611 3558 730 3625 argentd
749 3557 835 3624 inquot
855 3557 922 3610 cedo
942 3556 1041 3624 quintu
1060 3554 1131 3610 mihi

147 3635 217 3689 haee
234 3635 300 3689 inde
317 3637 441 3689 manauit
459 3637 603 3690 eorundem
621 3639 653 3690 iu
672 3636 703 3690 F
719 3639 832 3706 species.-

446 3750 514 3805 cedo
533 3717 613 3806 [isin
633 3756 779 3822 argentum
798 3752 912 3821 inquam
933 3751 1001 3806 cedo
1021 3752 1088 3819 quin
1107 3754 1137 3804 tu
1157 3750 1226 3804 mihi

206 3832 363 3899 Argentum
382 3830 477 3883 reddis
492 3829 563 3885 nihil
583 3849 617 3886 na
637 3833 725 3901 pudet
744 3834 862 3901 quintu
881 3832 950 3885 mihi
969 3831 1080 3900 exigere
1101 3833 1246 3898 argentum

207 3904 363 3970 Argentum
382 3902 496 3968 inquam
516 3904 597 3958 cedo:
617 3905 680 3958 leno
699 3908 727 3957 te
746 3905 893 3973 argentum
912 3903 1000 3972 poscit

242 3986 303 4035 424.
319 3981 367 4034 Sic
376 3982 413 4049 A,
427 3984 473 4036 sed
482 3997 553 4035 urm
568 3989 592 4037 et
601 3998 690 4037 rum
704 4001 764 4038 eum
778 3986 899 4054 reliqum,
913 3984 963 4036 uti
970 3987 1032 4050 post
1046 3981 1140 4034 reddis
1151 3984 1235 4034 ionius
1245 3983 1296 4033 tue.

149 4063 244 4118 raaB
296 4060 368 4114 nihil
382 4061 510 4117 niteBO
517 4069 596 4127 (corr.
607 4064 735 4134 Pylades)
799 4064 886 4133 pudet
900 4062 1062 4129 exputetB
1134 4064 1233 4128 425sq.
1250 4060 1296 4111 Sic

148 4144 225 4208 latri,
239 4143 298 4196 niti
311 4143 382 4211 quod
397 4143 501 4197 Lenote
512 4145 540 4196 B
595 4144 676 4198 solita
690 4144 756 4198 DZ.
777 4141 896 4197 sollicita
912 4141 943 4193 F
956 4144 1034 4208 (corr.
1051 4139 1142 4204 Vultu,
1159 4140 1239 4204 Pius)

148 4235 254 4290 ouras
276 4223 312 4277 A.
344 4221 406 4276 offis
426 4223 488 4276 BD
559 4228 620 4278 427.
645 4224 692 4278 Sic
715 4225 793 4288 libri,
816 4223 862 4276 sed
881 4233 1012 4288 opsecro
1031 4222 1056 4271 A
1122 4217 1249 4272 heroiono
1268 4218 1295 4270 B

241 4334 303 4384 428.
322 4329 370 4384 Sic
389 4330 468 4398 libri,
485 4333 531 4385 sed
549 4344 753 4384 aurnuuunnn
768 4332 802 4383 A.
823 4327 967 4399 referende
982 4327 1019 4380 D.
1039 4302 1195 4408 Referund}
1210 4326 1237 4378 Β

147 4469 287 4524 omniu
304 4456 338 4508 A.
358 4432 453 4543 greci}
472 4455 500 4510 B
586 4462 645 4511 429.
666 4455 712 4509 Sic
731 4455 809 4519 lit-ri,
827 4455 873 4507 sed
891 4465 1026 4519 erumpo
1042 4451 1076 4503 A.
1101 4449 1162 4520 ptio
1183 4450 1239 4505 OD

148 4593 378 4649 rpnumurmz
399 4580 436 4634 A.
469 4569 571 4648 phibet'
592 4580 620 4634 0.
653 4577 817 4648 prehibetur
840 4579 875 4631 B.
908 4577 1041 4647 phibetur
1060 4575 1160 4630 DFZ.
1191 4578 1293 4645 purtim

147 4659 304 4730 praeibetur
322 4662 429 4729 purtim
452 4660 632 4728 praehibetur
655 4660 731 4713 codd.
751 4659 885 4712 Lambini
974 4664 1033 4711 430.
1053 4671 1295 4724 ursrunuouuprr-

148 4753 674 4805 munnruuroununmmonrsum*
690 4743 726 4808 A,
743 4741 792 4794 uti
809 4739 867 4794 Nit
885 4756 930 4793 me
949 4739 1019 4792 haec
1039 4740 1101 4810 (hee
1116 4739 1154 4808 B)
1173 4743 1197 4793 et
1217 4756 1294 4791 nurn-

148 4839 235 4891 quam
256 4822 356 4892 reliqui
428 4820 573 4890 delinquet
590 4820 674 4873 salem
696 4819 827 4874 ODFZ:
846 4838 893 4874 em.
917 4820 938 4870 V
939 4821 1009 4886 alta,
1028 4820 1098 4875 Pius
1116 4836 1177 4875 eum
1196 4820 1255 4873 AB
