2910 5528
912 129 963 141 υ*

33 199 149 221 sitsi

18 257 24 267 Ι
204 262 208 268 ι

64 737 208 787 est-ras
275 686 288 709 ⁸
545 731 731 790 APPENDIX
1150 739 1210 800 181

79 892 134 949 ΤΗ.
153 893 318 963 Apscedite.
354 893 410 949 Tu.
428 894 514 951 Aedis
533 912 568 950 ne
587 893 726 964 tetigeris.
756 893 866 963 tingite

154 973 213 1028 Vos
233 977 346 1044 qubque
363 977 474 1030 terrem.
499 976 555 1032 ΤΗ.
574 975 696 1031 Obsecro
712 975 815 1042 hercle,
833 973 902 1043 quin
922 974 1016 1048 <intro
1030 978 1103 1033 Imus
1116 978 1211 1053 huot)

80 1051 130 1108 Teu
156 1052 231 1119 Quia
249 1055 359 1123 septem
376 1071 398 1110 e.
412 1073 472 1126 99.

66 1134 149 1203 Quem
167 1135 294 1190 ordinem
308 1136 447 1204 probabat
460 1135 606 1206 Hauptins
624 1137 657 1190 in
675 1136 793 1204 epistula
811 1136 848 1190 96
862 1134 1041 1192 Riteclsetium
1059 1138 1136 1205 data,
1155 1141 1213 1194 nisi

61 1214 227 1285 quadimer
245 1231 269 1270 9.
289 1219 344 1270 457
362 1220 386 1270 et
405 1219 460 1271 458
480 1216 643 1272 Tremulus
660 1216 741 1271 ocrba
760 1231 937 1273 serere*
958 1215 1101 1287 tetigistin
1120 1218 1213 1275 forest

60 1294 232 1350 intercidisse
256 1296 464 1365 suspicabatur,
488 1295 542 1350 truc
568 1294 699 1351 adhibens
724 1313 758 1352 eu
782 1314 808 1351 9.
827 1301 883 1352 466
907 1295 951 1365 Vt,
975 1299 1008 1352 de
1032 1299 1131 1368 quibus
1155 1301 1215 1357 ille:

62 1374 218 1444 ‘perperam
240 1375 372 1430 iteratae
394 1393 419 1432 u.
438 1380 494 1431 457
515 1375 597 1430 uerbo
614 1377 688 1445 9996
712 1378 769 1431 loco
791 1393 841 1431 suo
859 1377 1041 1447 pepulerunt,
1061 1380 1111 1434 uie
1125 1387 1214 1449 potest

60 1454 142 1509 atiud
154 1455 242 1520 fuisse
255 1471 337 1524 quam
351 1457 423 1525 9996
436 1456 581 1526 posuimus
599 1456 665 1510 tene
679 1459 782 1511 terram
798 1457 905 1511 menu’.
926 1456 1073 1514 Traditum
1089 1460 1213 1515 ordinem

61 1535 115 1602 des.
134 1534 304 1601 Loreneius,
325 1535 372 1591 sed
389 1538 443 1603 ita,
461 1541 493 1591 ut
510 1553 644 1593 summum
662 1538 821 1604 offensionis
838 1554 895 1592 non
912 1536 1028 1604 tolleret,
1052 1540 1099 1594 sed
1116 1541 1211 1596 obscu-

61 1622 137 1670 raret
153 1616 263 1684 potius:
281 1616 668 1686 99996169916961999991
681 1618 777 1686 potius
795 1617 945 1685 Seyffertus
963 1618 1040 1688 opud
1053 1618 1212 1676 Richterum

62 1698 129 1764 (uon
153 1695 309 1765 Vesinoius)
329 1713 383 1751 rem
402 1697 553 1767 expedivit:
571 1697 607 1762 cf.
626 1697 705 1751 969.
725 1700 781 1751 467
800 1703 824 1751 ct
843 1701 905 1753 469.

152 1780 215 1830 teo.
243 1773 316 1841 Quid
334 1775 460 1846 negotist
477 1777 685 1832 Studemundus
702 1778 735 1831 de
759 1776 866 1832 Vidut.²
880 1794 910 1847 p.
925 1782 961 1833 44
979 1780 1025 1848 (ct'.
1039 1779 1163 1835 Baebius
1180 1782 1213 1834 iu

61 1855 184 1910 Studem.
202 1853 281 1913 Seue
301 1857 344 1910 ΙΙ
355 1874 386 1926 p.
406 1862 461 1912 169
474 1873 512 1926 sq.
532 1862 670 1926 22199.).·
694 1858 809 1923 fortasse
827 1863 911 1926 recte,
927 1859 978 1913 elei
995 1858 1045 1914 boc
1063 1861 1120 1915 loco
1139 1859 1213 1926 Quid

61 1938 103 1991 ist
129 1938 331 1993 9999919999
355 1939 435 1994 babet
457 1954 490 1992 ee
512 1954 585 1992 noua
608 1952 734 2007 persona.
774 1935 895 1992 Getermn
919 1943 1000 1992 antea
1022 1957 1046 1995 9.
1066 1943 1118 1994 468
1138 1939 1213 2005 Quo-

59 2016 145 2072 modo
163 2015 193 2070 Vt
218 2016 265 2086 (cf.
286 2014 478 2071 Fleckeisenus
499 2017 605 2071 Aumat.
619 2019 717 2085 philol.
737 2018 819 2071 LXI
831 2035 860 2088 p.
877 2021 926 2084 45,
944 2019 1074 2073 Kloteius
1088 2037 1118 2088 p.
1134 2021 1204 2090 422)

60 2096 170 2150 Ibidem
187 2096 226 2150 ad
244 2093 324 2164 potui
343 2096 377 2162 cs.
397 2094 547 2164 Lanaeuue
567 2096 678 2155 ‘Beier'
695 2116 725 2168 p.
740 2103 777 2154 47
795 2105 821 2154 et
838 2114 902 2153 moe
919 2116 943 2155 9.
960 2105 1011 2153 469
1026 2116 1064 2169 99.
1089 2100 1127 2154 96
1145 2100 1209 2154 Non

61 2178 159 2246 potest
175 2175 231 2231 dici
250 2175 406 2251 Bpntteium
424 2176 457 2229 in
474 2175 550 2230 Eun.
570 2176 597 2230 V
613 2181 641 2244 6,
658 2184 686 2244 9,
704 2180 742 2234 od
760 2176 855 2233 fecisti
873 2178 1086 2234 Futrmameum
1105 2179 1212 2235 Aumat.

57 2256 156 2327 philol.
177 2255 229 2310 GV
240 2244 280 2324 p*
286 2256 344 2310 828
360 2261 386 2310 et
404 2255 554 2310 Beeterum
571 2257 603 2309 in
622 2255 744 2312 statem.
763 2257 842 2313 btuct
864 2259 884 2310 I
897 2275 927 2327 p.
942 2262 999 2314 368
1012 2274 1051 2329 eq.

150 2341 213 2391 469.
245 2333 366 2404 perdunt
390 2333 552 2390 Saruccnus.
590 2337 722 2405 perduint
750 2337 892 2393 Turnebus
916 2337 1031 2393 Aduere.
1061 2338 1145 2393 XVI
1168 2345 1211 2396 10.

60 2416 102 2485 Cf.
122 2416 267 2471 Berrtteiue
284 2416 316 2469 in
334 2413 460 2485 Hecyrae
477 2415 499 2468 Ι
512 2420 540 2483 2,
559 2420 595 2471 69
619 2423 644 2471 et
667 2418 836 2473 Luebbertue
854 2416 933 2473 6196.
952 2434 1064 2486 prorum.
1085 2419 1107 2472 I
1121 2436 1150 2489 p.
1166 2422 1211 2474 31.

151 2501 212 2551 467.
246 2495 339 2550 Itheus
367 2493 554 2551 Conserarius:
581 2498 617 2563 cs.
641 2497 752 2551 Haudii
778 2497 891 2554 Turseli.
916 2498 980 2551 III
998 2515 1028 2568 p.
1049 2503 1093 2553 75.
1130 2497 1210 2552 Eheu

61 2577 194 2649 Guyetus.
232 2576 269 2631 Et
291 2575 359 2629 heus
383 2579 414 2629 tu
438 2575 469 2629 'R
495 2575 592 2646 Opusc.
612 2580 681 2646 plut.
701 2579 741 2632 II
754 2595 783 2646 p.
799 2582 868 2645 454,
893 2580 1008 2645 fortasse
1032 2584 1110 2633 recte.
1147 2578 1210 2646 Ere,

59 2659 128 2711 heus
149 2654 578 2721 Lorenzins:atcs.1ticliterue
597 2659 614 2712 t.
629 2673 649 2711 s.
665 2673 685 2710 e.
707 2689 738 2696 -
758 2656 825 2711 hinc
844 2656 945 2711 amabo
968 2655 1098 2727 Guyctus.
1136 2656 1208 2711 illim

59 2737 163 2791 amabo
187 2753 250 2791 cum
273 2735 374 2790 Botlrio
392 2735 421 2788 It
445 2739 489 2805 (cs.
513 2736 610 2807 Opusc.
627 2738 696 2806 phil.
716 2736 796 2804 Hp.
811 2739 889 2806 454).·
914 2743 943 2792 at
967 2738 1028 2792 uide
1046 2736 1209 2805 Seyffertum

58 2817 138 2871 Stud.
160 2817 206 2870 Pl.
220 2834 252 2885 p.
268 2823 292 2869 1.

149 2903 212 2951 469.
246 2895 287 2963 Of.
308 2897 345 2950 ud
363 2913 386 2949 9.
402 2901 456 2950 457
470 2913 524 2966 999.
562 2897 708 2951 Ritscbetii
726 2898 940 2964 supplementum
963 2896 1026 2965 (qui
1044 2896 1175 2962 eloquere
1194 2914 1207 2950 e

60 2995 83 3032 9.
97 2982 155 3032 472
184 2978 325 3045 r'rrepeisse
349 2978 470 3044 putabat
498 2977 544 3048 [cf.
565 2977 725 3047 6999997199
755 2976 784 3029 Τ.
806 2976 845 3029 M.
868 2976 901 3029 P.
922 2994 952 3044 p.
977 2976 1044 3047 86])
1073 2976 1210 3044 improbat

59 3058 185 3112 Baebius
213 3058 244 3110 in
272 3055 735 3126 619699619641926799,
762 3057 811 3109 ubi
839 3044 983 3123 eloquere,
1008 3055 1143 3123 quidquid
1170 3059 1212 3110 est

61 3138 210 3208 Seyffertus
230 3139 375 3204 proponit:
398 3136 455 3189 inm
478 3137 510 3189 de
533 3138 635 3190 lacerna
658 3137 751 3204 potius
775 3137 845 3189 inter
869 3135 979 3203 quinat
1002 3132 1134 3203 eloquere
1159 3135 1210 3202 (oet

61 3216 189 3285 eloquar)
208 3215 354 3270 statuenda
373 3217 504 3285 99911999.
542 3215 609 3283 quin
635 3216 766 3284 eloquere
786 3215 854 3282 quid
874 3214 928 3267 siet
949 3213 1093 3284 Vesinpius
1116 3215 1210 3283 (deleto

60 3296 115 3350 Vos
135 3311 259 3364 quoque,
277 3296 310 3348 iu
326 3312 379 3365 qno
398 3297 602 3363 interpretando
620 3312 687 3350 sane
705 3295 803 3362 fefellit
821 3296 916 3361 opinio
935 3294 1120 3361 Loreneium).
1159 3293 1209 3361 qui

61 3392 115 3429 nou
133 3374 254 3443 tangitis
274 3374 521 3430 Sounensclrer'nius
548 3377 582 3440 (ct
601 3382 683 3429 antea
703 3373 864 3442 1999111910
877 3376 887 3441 ΙΙ
906 3373 961 3428 Vos
981 3390 1092 3441 quoque
1111 3373 1208 3442 etiem)

58 3456 195 3523 probante
217 3470 324 3509 censore
349 3454 357 3479 ‘
363 3455 457 3523 philol.
479 3455 561 3508 Aue?
585 3456 667 3510 XVI
681 3473 710 3524 p.
726 3458 778 3508 321
801 3455 857 3522 (scd
876 3455 985 3522 tangite
1003 3456 1013 3522 ΙΙ
1032 3454 1112 3520 Vos),
1135 3455 1208 3520 refu·

60 3541 133 3589 tante
159 3534 292 3604 Seyfferto
317 3534 402 3588 ‘Bert
419 3535 515 3603 plrilot.
537 3536 653 3589 leebr.’
681 3535 753 3604 Vp.
769 3538 832 3588 993.
869 3535 916 3587 Au
940 3535 1054 3602 eloquar
1072 3550 1127 3602 pro
1151 3536 1207 3588 elo·

59 3632 146 3684 quere
169 3616 346 3670 substitutum
365 3615 399 3680 cs.
419 3618 474 3669 742
490 3616 547 3684 (B).
587 3616 658 3681 Quis
678 3616 796 3681 refe-rtur
815 3616 852 3667 96
875 3631 899 3667 9.
915 3619 966 3667 461
988 3616 1143 3684 quaestione
1157 3631 1208 3683 per

60 3696 128 3764 quin
153 3691 407 3767 (dioecesim)
431 3695 624 3763 redinteqrata.
655 3694 776 3748 Ceterum
795 3694 831 3748 ad
856 3694 983 3763 attigeris
1008 3696 1042 3761 cf.
1064 3692 1210 3749 Oorssenus

57 3777 89 3830 de
117 3776 180 3829 eloe.
204 3773 236 3825 Ι*
255 3790 285 3841 p.
304 3777 359 3826 261
387 3779 412 3826 u
441 3774 545 3828 ‘Beier
571 3792 593 3827 9.
617 3776 675 3830 irat.
696 3776 770 3843 Spr.'
789 3792 818 3843 p.
836 3778 901 3840 546,
935 3775 1048 3829 Curtius
1074 3776 1105 3826 iu
1129 3775 1207 3828 Sturi.

56 3871 174 3923 9991919.
199 3851 225 3905 V
235 3869 265 3919 p.
280 3856 334 3905 431
348 3868 396 3920 99..
415 3854 451 3907 al.
472 3885 504 3891 -
530 3853 561 3908 V.
582 3860 633 3907 468
648 3873 685 3925 sq.
706 3856 755 3909 del.
779 3855 908 3924 Guyetue.

150 3937 202 3987 470
216 3949 254 4001 eq.
281 3931 340 3985 lam
361 3933 513 3986 Muellerus
527 3935 633 3988 Attiroi.
645 3935 741 4002 philol.
757 3935 940 3987 LXXXIII
953 3952 983 4002 p.
999 3938 1055 3986 264
1075 3933 1139 3985 redu.
1155 3948 1209 4000 pro

58 4014 147 4079 Quia:
165 4013 237 4082 quod
256 4013 474 4079 recumbebat,
494 4030 555 4066 cum
573 4030 665 4067 servus
688 4016 743 4067 ium
762 4015 867 4067 incohet
886 4014 1019 4066 rationem
1043 4011 1152 4063 reddere
1170 4026 1207 4062 sc·

56 4111 138 4163 seque
158 4093 277 4161 adplicet
296 4093 333 4147 96
350 4094 534 4161 quaest-ionem
548 4111 629 4162 quam
645 4095 802 4146 instituerat
816 4109 896 4147 99999
913 4099 937 4145 et
954 4109 1004 4159 per
1019 4090 1091 4154 Quin
1105 4087 1209 4160 (dice)

56 4176 274 4228 instauraverat.
314 4172 356 4239 Cf.
376 4172 471 4228 Aulul.
491 4177 548 4227 427
561 4189 615 4242 sqq.
622 4215 630 4241 ,
650 4176 685 4227 ol.
725 4174 845 4227 Ceterum
866 4177 929 4240 post
951 4189 976 4225 9.
991 4176 1040 4223 471
1062 4171 1150 4224 euscio
1170 4187 1207 4223 99

57 4255 194 4308 eiusmodi
220 4269 314 4308 uersus
340 4254 522 4308 interciderit:
549 4253 603 4306 Tu.
629 4253 701 4318 Quill
726 4253 784 4306 ais?
813 4252 862 4305 ubi
889 4254 985 4319 ergoet
1009 4249 1207 4303 Philolaches?

55 4334 109 4389 Tu.
130 4351 178 4386 rus
198 4349 227 4386 99
247 4331 365 4386 abdidit.
406 4332 447 4399 Of.
467 4351 491 4389 9.
507 4340 564 4389 929
581 4351 618 4402 sq.
639 4340 712 4386 1676
726 4350 762 4402 sq.
783 4339 807 4387 ct
826 4331 991 4398 9169919991.

148 4418 208 4468 475.
240 4411 376 4484 Capitalis
396 4414 494 4468 caedes
513 4414 591 4467 factu
606 4415 649 4467 est
669 4414 850 4479 Camerarius,
868 4413 950 4465 siurul
963 4411 1056 4465 deletis
1076 4409 1147 4474 Quid
1167 4415 1211 4465 cst

53 4496 161 4549 verbis:
187 4496 302 4562 itemque
327 4493 476 4548 Benttciue.
514 4492 656 4563 capitales
683 4491 767 4545 sedes
793 4493 883 4544 foetae
913 4491 1034 4560 Gupctus
1059 4492 1126 4544 duce
1152 4490 1209 4544 Gu-

53 4575 160 4628 lielmio
179 4570 317 4642 Capitulis
335 4572 414 4627 aedis
434 4575 598 4640 defendente.
629 4573 755 4640 Capitale
776 4572 867 4623 scelus
888 4573 931 4625 est
949 4573 1029 4625 ctr'om
1044 4572 1099 4624 Le‘o
1114 4571 1208 4625 Herm.

56 4652 180 4708 XVIII
193 4670 223 4721 p.
240 4657 304 4707 562.
325 4683 357 4692 -
386 4655 433 4707 Aa
457 4655 522 4722 quid
548 4654 619 4725 (id)
645 4659 687 4707 est
713 4657 779 4720 (999
804 4651 877 4717 Quid
901 4652 949 4721 sit)
975 4653 1010 4719 cs.
1030 4653 1154 4706 Bactrius
1178 4653 1210 4706 e'u

52 4735 179 4791 Studcm.
196 4732 276 4788 Stud.
293 4733 334 4785 II
347 4751 377 4804 p.
389 4738 456 4789 370:
476 4752 639 4804 quamquam
656 4739 724 4788 recte
739 4735 771 4788 de
789 4734 909 4800 formula
928 4733 978 4788 boc
997 4734 1053 4787 loco
1072 4738 1209 4805 usurpato

50 4817 189 4872 dubitare
207 4814 315 4867 uidetur
334 4813 488 4882 Seyffertus.
522 4815 590 4867 Vide
605 4816 695 4882 praef.
