2910 5528
149 336 239 391 XXVI
617 331 820 389 PRAEFATIO

238 498 287 564 De
311 501 499 564 lacunarum
529 497 810 583 supplementis
834 497 914 562 haec
937 496 1060 563 addidit
1083 497 1292 563 ltitschelius:

151 606 235 670 ‘cum
259 604 370 688 paullo
395 605 568 688 ampliores
596 604 729 669 lacunas
753 626 819 687 eas,
848 625 930 688 quae
956 604 991 668 in
1018 605 1089 669 sola
1113 604 1293 670 coniectura

152 713 277 798 positae
307 715 395 795 sunt,
419 715 547 776 tantum
575 712 737 775 asteriscis
760 715 874 776 notare
898 710 1037 790 soleam,
1060 710 1293 795 supplementis

151 819 185 883 iu
211 818 454 884 adnotationem
477 818 618 901 reiectis,
641 817 756 883 harum
779 823 903 895 tamen,
927 839 1009 902 quae
1039 818 1073 883 in
1102 818 1184 905 ipsis
1213 818 1294 883 codi-

152 927 242 991 cibus
271 930 473 1011 comparent,
500 926 725 1010 supplementa
752 929 864 991 nostra
893 926 926 990 in
954 925 1202 991 continuitatem
1229 948 1292 991 ver·

151 1033 266 1097 borum
287 1032 428 1114 recipere
446 1053 512 1096 non
530 1032 686 1114 dubitavi,
708 1027 747 1096 ne
767 1033 801 1096 in
819 1035 912 1095 tanta
930 1053 1039 1096 earum
1059 1036 1092 1096 et
1115 1032 1294 1117 frequentia

152 1144 185 1203 et
209 1160 304 1221 saepe
333 1138 431 1202 etiam
456 1137 627 1222 supplendi
651 1138 812 1203 evidentia
834 1139 932 1202 nimis
961 1137 1093 1202 fabulae
1117 1139 1215 1203 lectio
1238 1139 1293 1203 im·

150 1245 320 1330 pediretur.
353 1242 427 1308 Nisi
441 1245 526 1327 quod
548 1267 612 1310 uno
632 1245 666 1309 in
685 1246 764 1327 loco,
782 1267 812 1310 v.
827 1245 979 1329 723sqq,
992 1243 1152 1309 librorum
1169 1244 1292 1310 hiatum

151 1374 223 1416 curn
247 1351 354 1434 aliqua
379 1350 573 1415 confidentia
596 1352 723 1435 explere
751 1351 860 1416 nescii.
900 1350 937 1415 ln
961 1350 1023 1416 hoc
1046 1353 1156 1421 autem
1180 1372 1294 1436 genere

151 1459 353 1542 aliquantum
378 1456 427 1520 vel
452 1478 489 1520 eo
514 1456 694 1540 profectum
718 1457 893 1539 videbitur,
916 1456 1001 1541 quod
1025 1457 1107 1522 satis
1136 1459 1240 1522 multa
1262 1459 1295 1522 in

148 1564 308 1630 Palatinis
346 1567 473 1628 exstare
510 1562 633 1628 credita
669 1563 881 1647 cognovimus
919 1564 979 1627 soli
1011 1560 1190 1630 Camerini
1226 1587 1297 1631 con-

149 1673 290 1736 iecturae
323 1670 441 1735 deberi.
483 1668 545 1745 Qui
573 1692 644 1734 cum
669 1692 728 1735 sua
757 1671 982 1754 supplementa
1009 1671 1164 1755 plurima,
1193 1676 1230 1737 ut
1256 1673 1297 1736 ad

148 1802 178 1844 v.
197 1780 260 1844 537
277 1799 346 1861 sqq.
376 1776 527 1859 diximus,
553 1775 587 1840 in
615 1776 703 1859 ipsas
731 1775 765 1840 B
792 1776 911 1841 codicis
944 1776 1075 1840 lacunas
1108 1799 1169 1843 sua
1200 1800 1295 1843 manu

148 1883 363 1967 inscripserit,
385 1883 448 1947 hoc
476 1882 592 1946 mirum
621 1883 654 1947 in
684 1883 813 1948 modum
841 1882 947 1947 fraudi
975 1884 1021 1948 eis
1049 1884 1113 1948 fuit
1135 1885 1191 1969 qui
1222 1888 1298 1968 post

151 1990 372 2058 Camerarium
396 1989 486 2052 illum
506 1990 623 2054 librum
649 1992 835 2053 tractarunt.
866 1988 909 2053 Et
932 1989 966 2053 in
985 1989 1206 2056 Mostellariae
1227 1992 1295 2075 qui·

149 2098 220 2162 dem
249 2096 374 2161 lacunis
398 2096 437 2160 de
461 2093 638 2161 Camerarii
663 2118 759 2160 manu
783 2095 891 2160 dedita
914 2118 1014 2181 opera
1042 2101 1182 2162 testatus
1210 2120 1297 2164 sum:

149 2206 182 2269 in
208 2204 280 2268 aliis
299 2201 420 2266 fabulis
441 2224 513 2267 cum
534 2202 574 2266 de
593 2223 631 2265 ea
654 2202 804 2266 consulto
824 2206 959 2279 taceam,
979 2223 1042 2267 non
1062 2203 1167 2269 maior
1186 2207 1296 2269 autem

149 2333 245 2394 quarn
266 2312 299 2373 in
319 2309 521 2374 Mostellaria
540 2308 678 2373 aliorum
697 2307 868 2393 prudentia
886 2308 995 2392 fuerit,
1016 2309 1051 2373 in
1069 2316 1226 2394 promptu
1247 2319 1298 2376 est

149 2420 234 2481 recte
263 2414 418 2497 iudicare,
443 2414 469 2478 si
498 2414 625 2497 quando
650 2437 669 2478 a
696 2415 816 2479 nostris
844 2415 988 2497 priorum
1010 2413 1170 2480 editorum
1200 2417 1242 2481 de
1265 2418 1298 2482 Β

149 2523 337 2588 testimonia
360 2521 567 2603 discrepant’.
599 2520 668 2585 Nos
688 2521 749 2585 etsi
773 2521 913 2586 certiora
932 2522 1159 2605 supplementa
1177 2525 1211 2585 et
1235 2523 1296 2606 ipsi

148 2632 180 2694 in
205 2633 393 2694 contextum
418 2627 605 2692 admisimus
625 2633 658 2693 et
681 2627 838 2712 quaedam
858 2628 954 2691 etiam
978 2627 1163 2711 audaciora,
1186 2633 1297 2695 tamen

149 2737 252 2800 multo
276 2736 371 2820 plura
394 2738 451 2799 aut
475 2735 613 2799 aliorum
638 2739 693 2799 aut
716 2739 832 2799 nostra
856 2733 889 2797 in
914 2737 1071 2816 apparatu
1098 2735 1295 2817 protulimus

121 2920 123 2925 ι
149 2844 187 2907 de
211 2843 344 2925 reliquis
367 2842 400 2905 in
425 2841 599 2925 appendice
621 2844 762 2924 agentes.

237 2949 288 3013 Ad
306 2948 606 3012 Ambrosianum
620 2947 738 3010 librum
755 2947 937 3011 deleticiurn
953 2951 989 3010 ut
1003 2949 1295 3031 pergamus,buius

149 3057 378 3141 quaterniones
405 3054 554 3119 XXXIX.
582 3053 638 3118 XL
667 3058 700 3118 et
728 3053 816 3137 XLI,
844 3075 861 3118 e
890 3055 1005 3137 quibus
1032 3054 1121 3118 nihil
1152 3059 1294 3122 aetatem

148 3164 235 3246 tulit,
259 3162 382 3226 exitum
402 3161 593 3226 Mercatoris
614 3183 633 3224 a
657 3183 684 3226 e.
701 3161 762 3225 791
786 3160 824 3225 ad
846 3183 874 3225 v.
896 3161 980 3225 1026
1004 3182 1069 3224 una
1092 3182 1165 3226 cum
1189 3162 1297 3247 priore

148 3275 241 3356 parte
251 3268 471 3334 Mostellariae
486 3268 525 3331 ad
541 3291 570 3332 v.
584 3267 650 3333 575
664 3290 766 3351 usque
782 3267 861 3332 olim
875 3266 1054 3351 capiebant.
1079 3267 1170 3344 Quae
1186 3275 1296 3354 partes

148 3376 308 3462 quomodo
333 3376 522 3458 dispertitae
544 3373 665 3438 fuerint
685 3374 745 3438 etsi
767 3396 832 3438 non
856 3374 938 3447 lico
954 3373 1020 3438 nllo
1041 3373 1137 3439 modo
1158 3374 1292 3439 definire

149 3484 346 3566 accuratius,
369 3487 482 3546 tamen
509 3481 568 3545 ubi
597 3465 638 3545 ad
666 3482 786 3545 iustum
810 3482 998 3562 computum
1022 3501 1175 3544 versuum
1205 3481 1294 3566 pagi·

149 3613 325 3673 uarumque
345 3610 496 3652 numeros
516 3589 753 3672 provocaveris,
768 3592 821 3650 sat
839 3586 1042 3670 probabilem
1059 3586 1190 3669 prodire
1209 3611 1294 3652 men·

150 3718 243 3759 surae
271 3695 514 3780 congruentiam
548 3699 634 3758 recte
662 3693 861 3758 Ititschelius
891 3693 971 3757 dixit
1006 3692 1041 3757 in
1072 3693 1173 3775 praef.
1197 3693 1290 3758 Merc.

149 3826 179 3886 p.
194 3801 234 3865 V.
266 3803 344 3867 Illos
369 3809 477 3866 autern
496 3803 551 3887 qni
572 3800 736 3884 excipiunt
755 3800 992 3885 quaterniones,
1015 3822 1127 3864 eorum
1147 3799 1228 3866 haec
1247 3806 1294 3864 est

149 3908 329 3992 discriptio:

149 4139 230 4193 modo
250 4139 285 4192 (lo
305 4138 442 4191 eiusmodi
467 4137 633 4206 corruptelis
652 4135 742 4190 codici
762 4138 788 4189 A
807 4153 870 4189 cum
894 4135 1010 4204 reliquis
1029 4136 1227 4191 communibus
1251 4153 1294 4191 co·

149 4220 233 4284 pitari
260 4236 354 4286 posse,
379 4217 460 4285 quasi
485 4220 576 4273 minus
603 4218 713 4286 fragilis
743 4216 828 4270 firerit
854 4214 984 4282 materia,
1009 4216 1123 4284 in'qua
1149 4219 1295 4287 archetypi

148 4300 320 4365 antiquiores
331 4296 429 4365 scripti
441 4299 552 4351 suerint.
572 4297 701 4351 Ceterum
714 4296 801 4351 totius
814 4295 986 4364 quaestionis
998 4296 1173 4365 gravitatem
1185 4299 1295 4367 gaudeo

150 4380 223 4444 quod
248 4376 458 4442 Fleckeisenns,
478 4376 639 4446 Langenus,
659 4376 824 4431 ltedslobius
847 4376 896 4430 alii
915 4379 1105 4444 agnoverunt,
1129 4379 1201 4432 item
1223 4380 1296 4447 quod

149 4457 271 4525 perversi
290 4454 399 4524 ingenii
417 4455 501 4509 homo
521 4455 619 4510 irrisit=
640 4474 705 4511 narn
724 4458 777 4511 hoc
795 4471 907 4525 quoque
926 4456 1053 4510 veritatis
1071 4457 1221 4514 indicium.
