2910 5528
163 314 255 372 XVIII
630 315 835 372 PRAEFATIO

163 480 321 564 dimenta,
348 480 535 565 explicatur.
572 479 696 557 Quibus
726 480 939 546 incommodis
963 480 1023 563 sic,
1051 481 1079 544 si
1104 481 1181 566 quid
1205 482 1307 566 video,

163 591 215 652 sat
238 589 406 701 commode
429 587 664 652 Palaestrionis
689 610 794 653 sermo
818 588 1024 652 liberabitur:

251 713 297 777 Vt
319 734 407 796 eum,
436 713 491 797 qui
515 735 550 776 se
572 712 625 777 bic
648 710 741 796 uidit,
758 712 866 776 uerbis
889 709 1007 796 uincet,
1029 732 1071 775 ne
1094 716 1155 777 iste
1177 709 1306 777 uiderit.

252 818 314 895 Qui
337 820 455 904 arguat
478 841 526 904 se,
549 841 622 883 eum
647 820 760 883 cdntra
782 819 893 883 uincet
916 818 1122 883 iureiurandd
1146 840 1215 884 sno.

250 923 415 1010 Siquidem
439 926 582 991 centiens
605 925 659 991 hic
682 926 754 990 uisa
777 924 834 1009 sit,
856 929 964 989 tamen
986 925 1107 989 infitids
1131 929 1192 990 eat

249 1031 334 1096 Nem
358 1033 474 1097 mulier
497 1032 630 1098 bolitdri
649 1054 825 1116 numquam
846 1032 1019 1116 supplicat,
1043 1032 1070 1095 si
1090 1032 1186 1117 quast
1203 1032 1303 1096 mala:

248 1138 347 1204 dei
384 1139 483 1204 hebet
515 1139 646 1204 hortum
680 1143 713 1204 et
744 1139 953 1204 condimenta
989 1140 1030 1204 ad
1067 1139 1174 1204 dmnis
1207 1140 1303 1204 molis

798 1246 968 1311 mdlefioas.

247 1351 345 1418 dei
377 1352 478 1417 habat
510 1372 560 1437 os,
597 1351 757 1438 lingudm,
793 1352 974 1437 perfidiam,
1012 1352 1172 1418 malitiam
1204 1356 1303 1437 atque

797 1459 980 1542 audaciam,

246 1565 343 1631 dei
365 1564 472 1649 dolos,
496 1566 583 1631 domi
608 1566 776 1631 delenifica
799 1566 899 1650 idota,
923 1566 1009 1630 domi
1032 1565 1190 1631 fallacias.

159 1672 197 1737 In
226 1674 344 1758 quibus
373 1673 436 1738 duo
465 1695 535 1738 esse
563 1696 582 1737 a
611 1673 814 1738 dubitatione
847 1671 1046 1737 defendenda
1069 1671 1302 1755 intellegimus.

157 1779 301 1844 Primum
332 1780 416 1844 enim
446 1779 558 1864 quaeri
587 1783 710 1864 potest,
740 1803 779 1845 ex
808 1780 875 1869 illis
904 1779 1029 1844 duobus
1056 1778 1215 1862 versibus,
1246 1779 1302 1863 qni

157 1886 321 1971 excipiunt
343 1886 500 1970 primum,
523 1889 595 1949 uter
618 1887 799 1951 sententiae
823 1887 855 1951 vi
873 1887 920 1950 ita
939 1886 1127 1970 praevaleat
1146 1890 1240 1952 uteo
1260 1886 1301 1951 ad

157 1992 276 2057 fortius
299 1992 452 2078 progredi
476 1993 580 2057 oratio
604 1992 762 2057 credenda
786 1993 838 2056 slt.
875 1991 960 2057 Nam
984 1992 1018 2057 in
1042 1993 1150 2077 priore
1170 1992 1301 2078 quidem

155 2102 189 2162 et
211 2119 339 2182 sequere
365 2104 399 2165 et
421 2101 529 2165 iurare
555 2099 629 2183 plus
658 2102 716 2164 esc
736 2121 831 2184 quain
860 2101 964 2164 uidere
990 2103 1022 2164 et
1049 2101 1170 2182 infitias
1198 2100 1245 2164 ire
1267 2100 1301 2163 in

155 2204 273 2270 altero:
296 2209 412 2271 contra
433 2206 507 2290 plus
532 2209 582 2270 est
605 2206 639 2271 in
663 2205 724 2270 hoc
747 2207 879 2271 centiens
902 2228 999 2291 quam
1024 2207 1057 2270 in
1075 2206 1182 2290 priore
1200 2206 1301 2271 sanet.

155 2311 371 2379 Praetulimus
404 2313 480 2398 hoc,
514 2313 599 2398 quod
631 2312 776 2377 centenis
809 2312 970 2378 infitiandi
1004 2312 1158 2396 exemplis
1191 2313 1303 2396 aptius

155 2419 338 2484 continuari
361 2420 520 2484 malarum
545 2419 586 2484 ad
610 2419 814 2484 infitiandum
838 2421 956 2484 artium
981 2419 1121 2483 varietas
1146 2419 1216 2484 visa
1241 2424 1303 2484 est.

154 2525 304 2591 Alterum
328 2529 387 2609 est,
411 2525 496 2611 quod
520 2525 756 2608 paenultimam
775 2548 904 2591 versum
923 2526 1065 2591 tortasse
1083 2526 1211 2591 licuerit
1231 2526 1302 2590 siue

152 2632 221 2696 ulla
244 2633 423 2696 mutatione
446 2652 575 2697 servare
598 2636 675 2716 post
698 2633 831 2697 tertium
855 2634 900 2698 sic
924 2633 1131 2698 collocatum:

244 2735 410 2823 Siquidem
434 2737 578 2802 centiens
601 2737 655 2803 hic
678 2738 750 2803 uisa
772 2740 829 2823 sit,
853 2743 963 2804 tamen
986 2740 1109 2804 infitias
1132 2743 1199 2804 eat:

195 2843 197 2848 ’
242 2843 286 2908 Os
310 2843 418 2929 habet,
441 2844 597 2929 linguam,
620 2845 797 2931 perfidiam,
819 2846 979 2911 malitiam
1005 2851 1102 2930 atque
1121 2845 1302 2911 audaciam.

240 2950 327 3017 Nam
351 2951 468 3016 mulier
490 2951 625 3018 holitori
646 2952 821 3038 numquam
841 2952 1011 3039 supplicat,
1036 2955 1063 3017 si
1081 2957 1177 3036 quast
1196 2954 1302 3018 mala:

242 3057 341 3124 Domi
375 3058 477 3123 habet
513 3058 646 3123 hortum
683 3065 715 3126 et
748 3060 956 3127 condimenta
988 3059 1029 3124 ad
1062 3060 1167 3125 omnis
1200 3061 1301 3125 molis

791 3167 968 3250 maleficas,

241 3272 339 3338 Domi
362 3272 467 3356 dolos,
491 3273 578 3338 domi
602 3273 770 3339 delenifica
793 3274 894 3360 facts,
917 3274 1004 3339 domi
1027 3275 1184 3339 tallacias.

154 3378 201 3444 At
222 3379 270 3444 ite
293 3379 355 3443 etsi
378 3378 480 3444 videri
507 3383 617 3465 potest
644 3380 683 3445 ad
706 3380 793 3445 horti
817 3382 1095 3466 comparationem
1118 3379 1229 3464 paullo
1253 3380 1300 3444 le·

154 3486 227 3550 uiue
254 3486 400 3570 transiri,
429 3490 549 3576 tamen,
567 3508 680 3570 parum
705 3488 857 3552 concinne
882 3488 1008 3554 duobus
1030 3488 1111 3554 locis
1134 3485 1300 3551 malarum

151 3592 269 3657 artium
300 3593 567 3657 commemoratio
596 3593 802 3677 discerpitur,
834 3616 952 3680 eaeque
976 3617 1027 3659 res
1052 3615 1133 3679 quae
1157 3592 1197 3657 ed
1222 3613 1298 3657 con·

151 3697 371 3764 dimentorum
404 3701 437 3762 et
469 3697 634 3763 notionem
665 3700 887 3784 explicandam
921 3706 954 3766 et
981 3702 1047 3767 vim
1076 3698 1298 3765 extollendam

150 3828 247 3890 quam
272 3805 412 3870 maxime
436 3804 560 3870 iaciunt
582 3805 644 3887 (οε,
668 3807 788 3890 linquo,
805 3809 953 3890 perfidio,
976 3809 1112 3887 mulitia,
1135 3807 1299 3889 audacia),

148 3913 364 3978 inconsultius
394 3917 601 3996 occupantur.
642 3911 712 3978 Hoc
739 3919 846 3978 autem
870 3916 924 3998 qui
949 3915 1157 3997 concesserit,
1182 3913 1214 3976 ‘si
1243 3912 1298 3976 vel

148 4020 194 4085 sic
218 4024 329 4086 tamen
352 4043 418 4087 non
442 4044 522 4106 opus
546 4020 728 4086 esseillius
752 4044 863 4086 versus
887 4023 1068 4086 mutatione
1093 4018 1298 4086 contenderit

148 4126 203 4207 qui
227 4128 260 4191 in
285 4129 379 4192 libris
404 4129 556 4195 scribitur
576 4127 618 4193 Os
635 4127 725 4193 leobet
743 4129 884 4212 linquam
903 4151 928 4194 e.
944 4146 973 4213 q.
989 4152 1027 4195 a:
1050 4131 1181 4212 reputet
1199 4147 1298 4210 quae·

148 4252 259 4293 sumus
289 4231 365 4314 quid
393 4234 556 4317 elegantia
583 4235 728 4320 requirat
755 4238 788 4299 et
816 4227 1014 4299 consuetudo
1045 4235 1079 4298 in
1109 4256 1146 4298 eo
1176 4253 1297 4316 genere

148 4336 199 4398 oui
224 4337 407 4419 anaphorae
432 4360 548 4404 nomen
572 4341 718 4406 rhetores
742 4342 854 4407 fecere.
892 4341 991 4406 Recte
1015 4342 1066 4405 vel
1092 4341 1138 4405 sic
1159 4339 1296 4404 dicitur:

150 4440 193 4505 Os
219 4441 320 4526 lactet,
348 4443 488 4526 linquam
507 4491 625 4528 ......
655 4448 740 4513 dolos
766 4448 866 4527 dubet,
897 4447 986 4513 dubet
1014 4448 1172 4528 delaciytca
1199 4448 1298 4529 sacti,
