<?xml version="1.0" encoding="UTF-8"?>
<!DOCTYPE html PUBLIC "-//W3C//DTD XHTML 1.0 Transitional//EN"
    "http://www.w3.org/TR/xhtml1/DTD/xhtml1-transitional.dtd">
<html xmlns="http://www.w3.org/1999/xhtml" xml:lang="en" lang="en">
 <head>
  <title>
</title>
<meta http-equiv="Content-Type" content="text/html;charset=utf-8" />
  <meta name='ocr-system' content='tesseract 3.04.00' />
  <meta name='ocr-capabilities' content='ocr_page ocr_carea ocr_par ocr_line ocrx_word'/>
</head>
<body>
  <div class='ocr_page' id='page_1' title='image "./tmacciplauticom01schgoog_0514.png"; bbox 0 0 2910 5528; ppageno 0'>
   <div class='ocr_carea' id='block_1_1' title="bbox 68 666 1214 733">
    <p class='ocr_par' dir='ltr' id='par_1_1' title="bbox 68 666 1214 733">
     <span class='ocr_line' id='line_1_1' title="bbox 68 666 1214 733; baseline 0.009 -11"><span class='ocrx_word' id='word_1_1' title='bbox 68 673 209 724; x_wconf 74' lang='lat' dir='ltr'><strong><em>rar-tro</em></strong></span> <span class='ocrx_word' id='word_1_2' title='bbox 550 666 736 722; x_wconf 74' lang='lat' dir='ltr'><strong><em>APPltNltlx</em></strong></span> <span class='ocrx_word' id='word_1_3' title='bbox 1151 668 1214 733; x_wconf 83' lang='lat'><strong><em>199</em></strong></span> 
     </span>
    </p>
   </div>
   <div class='ocr_carea' id='block_1_2' title="bbox 60 827 1216 1797">
    <p class='ocr_par' dir='ltr' id='par_1_2' title="bbox 60 827 1216 1797">
     <span class='ocr_line' id='line_1_2' title="bbox 60 827 1215 901; baseline -0.001 -15"><span class='ocrx_word' id='word_1_4' title='bbox 60 833 152 901; x_wconf 69' lang='lat'><strong><em>1238</em></strong></span> <span class='ocrx_word' id='word_1_5' title='bbox 174 830 241 885; x_wconf 81' lang='lat' dir='ltr'><strong><em>adn.</em></strong></span> <span class='ocrx_word' id='word_1_6' title='bbox 266 860 299 870; x_wconf 96' lang='lat'>-</span> <span class='ocrx_word' id='word_1_7' title='bbox 323 828 530 884; x_wconf 79' lang='lat' dir='ltr'><strong><em>consummanit</em></strong></span> <span class='ocrx_word' id='word_1_8' title='bbox 552 829 628 899; x_wconf 82' lang='lat' dir='ltr'><strong><em>apud</em></strong></span> <span class='ocrx_word' id='word_1_9' title='bbox 653 828 809 884; x_wconf 83' lang='lat' dir='ltr'><strong><em>Tur-netum</em></strong></span> <span class='ocrx_word' id='word_1_10' title='bbox 833 827 929 897; x_wconf 88' lang='lat' dir='ltr'><strong><em>(XVI</em></strong></span> <span class='ocrx_word' id='word_1_11' title='bbox 949 832 996 898; x_wconf 87' lang='lat'><strong><em>10)</em></strong></span> <span class='ocrx_word' id='word_1_12' title='bbox 1024 846 1077 885; x_wconf 79' lang='lat' dir='ltr'><strong><em>eece</em></strong></span> <span class='ocrx_word' id='word_1_13' title='bbox 1101 831 1215 885; x_wconf 82' lang='lat' dir='ltr'><strong><em>Lambi-</em></strong></span> 
     </span>
     <span class='ocr_line' id='line_1_3' title="bbox 65 910 419 980; baseline -0.003 -15"><span class='ocrx_word' id='word_1_14' title='bbox 65 927 119 965; x_wconf 84' lang='lat' dir='ltr'><strong><em>uue</em></strong></span> <span class='ocrx_word' id='word_1_15' title='bbox 136 910 215 966; x_wconf 82' lang='lat' dir='ltr'><strong><em>dicit.</em></strong></span> <span class='ocrx_word' id='word_1_16' title='bbox 245 910 314 965; x_wconf 85' lang='lat' dir='ltr'><strong><em>Vide</em></strong></span> <span class='ocrx_word' id='word_1_17' title='bbox 327 910 419 980; x_wconf 69' lang='lat' dir='ltr'><strong><em>praes.</em></strong></span> 
     </span>
     <span class='ocr_line' id='line_1_4' title="bbox 157 988 1214 1060; baseline 0 -16"><span class='ocrx_word' id='word_1_18' title='bbox 157 994 217 1044; x_wconf 77' lang='grc'><strong><em>760.</em></strong></span> <span class='ocrx_word' id='word_1_19' title='bbox 245 1005 418 1060; x_wconf 76' lang='lat' dir='ltr'>gynaeceum</span> <span class='ocrx_word' id='word_1_20' title='bbox 442 1005 546 1044; x_wconf 88' lang='lat' dir='ltr'><strong><em>nouom</em></strong></span> <span class='ocrx_word' id='word_1_21' title='bbox 564 994 628 1059; x_wconf 86' lang='lat' dir='ltr'><strong><em>post</em></strong></span> <span class='ocrx_word' id='word_1_22' title='bbox 653 989 789 1058; x_wconf 80' lang='lat' dir='ltr'><strong><em>Guyetum</em></strong></span> <span class='ocrx_word' id='word_1_23' title='bbox 814 990 878 1043; x_wconf 89' lang='lat' dir='ltr'><strong><em>troi.</em></strong></span> <span class='ocrx_word' id='word_1_24' title='bbox 898 988 1025 1043; x_wconf 83' lang='lat' dir='ltr'><strong><em>Botbius.</em></strong></span> <span class='ocrx_word' id='word_1_25' title='bbox 1058 988 1105 1044; x_wconf 82' lang='lat' dir='ltr'><strong><em>Ad</em></strong></span> <span class='ocrx_word' id='word_1_26' title='bbox 1130 1007 1214 1044; x_wconf 88' lang='lat' dir='ltr'><strong><em>nnnm</em></strong></span> 
     </span>
     <span class='ocr_line' id='line_1_5' title="bbox 67 1069 740 1139; baseline -0.009 -10"><span class='ocrx_word' id='word_1_27' title='bbox 67 1073 167 1129; x_wconf 78' lang='lat' dir='ltr'><strong><em>uidente</em></strong></span> <span class='ocrx_word' id='word_1_28' title='bbox 184 1072 324 1127; x_wconf 73' lang='lat' dir='ltr'><strong><em>Xoetium</em></strong></span> <span class='ocrx_word' id='word_1_29' title='bbox 342 1070 447 1126; x_wconf 81' lang='lat' dir='ltr'><strong><em>Annat.</em></strong></span> <span class='ocrx_word' id='word_1_30' title='bbox 464 1070 558 1139; x_wconf 84' lang='lat' dir='ltr'><strong><em>ptitot.</em></strong></span> <span class='ocrx_word' id='word_1_31' title='bbox 579 1069 622 1124; x_wconf 84' lang='lat'><strong><em>01</em></strong></span> <span class='ocrx_word' id='word_1_32' title='bbox 632 1086 663 1138; x_wconf 79' lang='lat' dir='ltr'><strong><em>p.</em></strong></span> <span class='ocrx_word' id='word_1_33' title='bbox 677 1072 740 1124; x_wconf 77' lang='lat'><strong><em>284.</em></strong></span> 
     </span>
     <span class='ocr_line' id='line_1_6' title="bbox 157 1148 1216 1218; baseline -0.002 -11"><span class='ocrx_word' id='word_1_34' title='bbox 157 1157 219 1208; x_wconf 80' lang='grc'><strong><em>760.</em></strong></span> <span class='ocrx_word' id='word_1_35' title='bbox 251 1152 295 1207; x_wconf 89' lang='lat' dir='ltr'><strong><em>De</em></strong></span> <span class='ocrx_word' id='word_1_36' title='bbox 317 1150 446 1206; x_wconf 71' lang='lat' dir='ltr'><strong><em>laudaiae</em></strong></span> <span class='ocrx_word' id='word_1_37' title='bbox 469 1151 553 1204; x_wconf 79' lang='lat' dir='ltr'><strong><em>barae</em></strong></span> <span class='ocrx_word' id='word_1_38' title='bbox 577 1148 618 1203; x_wconf 79' lang='lat' dir='ltr'><strong><em>ait</em></strong></span> <span class='ocrx_word' id='word_1_39' title='bbox 639 1149 758 1203; x_wconf 86' lang='lat' dir='ltr'><strong><em>somniat</em></strong></span> <span class='ocrx_word' id='word_1_40' title='bbox 781 1148 910 1204; x_wconf 80' lang='lat' dir='ltr'><strong><em>Ktotaiun</em></strong></span> <span class='ocrx_word' id='word_1_41' title='bbox 930 1166 959 1218; x_wconf 85' lang='lat' dir='ltr'><strong><em>p.</em></strong></span> <span class='ocrx_word' id='word_1_42' title='bbox 980 1153 1047 1216; x_wconf 83' lang='grc'><strong><em>170,</em></strong></span> <span class='ocrx_word' id='word_1_43' title='bbox 1071 1150 1103 1205; x_wconf 80' lang='lat' dir='ltr'><strong><em>de</em></strong></span> <span class='ocrx_word' id='word_1_44' title='bbox 1126 1149 1216 1205; x_wconf 84' lang='lat' dir='ltr'><strong><em>arabi·</em></strong></span> 
     </span>
     <span class='ocr_line' id='line_1_7' title="bbox 65 1231 484 1289; baseline -0.014 1"><span class='ocrx_word' id='word_1_45' title='bbox 65 1235 205 1289; x_wconf 82' lang='lat' dir='ltr'><strong><em>tectorem</em></strong></span> <span class='ocrx_word' id='word_1_46' title='bbox 224 1231 370 1287; x_wconf 72' lang='lat' dir='ltr'><strong><em>Turnebus</em></strong></span> <span class='ocrx_word' id='word_1_47' title='bbox 387 1231 404 1286; x_wconf 87' lang='lat' dir='ltr'><strong><em>t.</em></strong></span> <span class='ocrx_word' id='word_1_48' title='bbox 422 1247 444 1285; x_wconf 85' lang='lat' dir='ltr'><strong><em>e.</em></strong></span> <span class='ocrx_word' id='word_1_49' title='bbox 463 1246 484 1284; x_wconf 86' lang='lat' dir='ltr'><strong><em>e.</em></strong></span> 
     </span>
     <span class='ocr_line' id='line_1_8' title="bbox 158 1308 1214 1380; baseline -0.002 -12"><span class='ocrx_word' id='word_1_50' title='bbox 158 1308 485 1380; x_wconf 64' lang='lat' dir='ltr'><strong><em>antemetidianas</em></strong></span> <span class='ocrx_word' id='word_1_51' title='bbox 503 1309 555 1365; x_wconf 83' lang='lat' dir='ltr'><strong><em>baa</em></strong></span> <span class='ocrx_word' id='word_1_52' title='bbox 570 1326 636 1365; x_wconf 78' lang='lat' dir='ltr'><strong><em>eane</em></strong></span> <span class='ocrx_word' id='word_1_53' title='bbox 655 1309 692 1364; x_wconf 80' lang='lat' dir='ltr'><strong><em>a.</em></strong></span> <span class='ocrx_word' id='word_1_54' title='bbox 720 1325 781 1364; x_wconf 83' lang='lat' dir='ltr'><strong><em>esne</em></strong></span> <span class='ocrx_word' id='word_1_55' title='bbox 801 1309 963 1364; x_wconf 84' lang='lat' dir='ltr'><strong><em>aedificatae</em></strong></span> <span class='ocrx_word' id='word_1_56' title='bbox 981 1310 1078 1366; x_wconf 78' lang='lat' dir='ltr'><strong><em>insane</em></strong></span> <span class='ocrx_word' id='word_1_57' title='bbox 1093 1310 1214 1366; x_wconf 82' lang='lat' dir='ltr'><strong><em>Baiarue</em></strong></span> 
     </span>
     <span class='ocr_line' id='line_1_9' title="bbox 62 1390 832 1463; baseline -0.003 -15"><span class='ocrx_word' id='word_1_58' title='bbox 62 1396 234 1463; x_wconf 57' lang='grc'><strong><em>11173194.</em></strong></span> <span class='ocrx_word' id='word_1_59' title='bbox 255 1392 318 1461; x_wconf 87' lang='lat' dir='ltr'><strong><em>‘per</em></strong></span> <span class='ocrx_word' id='word_1_60' title='bbox 336 1392 404 1462; x_wconf 78' lang='lat' dir='ltr'><strong><em>tepea</em></strong></span> <span class='ocrx_word' id='word_1_61' title='bbox 421 1391 492 1446; x_wconf 83' lang='lat' dir='ltr'><strong><em>artie</em></strong></span> <span class='ocrx_word' id='word_1_62' title='bbox 510 1391 636 1445; x_wconf 86' lang='lat' dir='ltr'><strong><em>criticae’</em></strong></span> <span class='ocrx_word' id='word_1_63' title='bbox 658 1390 832 1446; x_wconf 71' lang='lat' dir='ltr'><strong><em>commendat.</em></strong></span> 
     </span>
     <span class='ocr_line' id='line_1_10' title="bbox 158 1479 735 1551; baseline -0.007 -15"><span class='ocrx_word' id='word_1_64' title='bbox 158 1486 211 1536; x_wconf 79' lang='grc'><strong><em>763</em></strong></span> <span class='ocrx_word' id='word_1_65' title='bbox 224 1497 278 1551; x_wconf 75' lang='lat' dir='ltr'><strong><em>eqo.</em></strong></span> <span class='ocrx_word' id='word_1_66' title='bbox 308 1479 373 1535; x_wconf 83' lang='lat' dir='ltr'><strong><em>&#39;Sic</em></strong></span> <span class='ocrx_word' id='word_1_67' title='bbox 392 1479 568 1535; x_wconf 73' lang='lat' dir='ltr'><strong><em>Camerarius</em></strong></span> <span class='ocrx_word' id='word_1_68' title='bbox 585 1480 735 1549; x_wconf 79' lang='lat' dir='ltr'><strong><em>suppleuit.-</em></strong></span> 
     </span>
     <span class='ocr_line' id='line_1_11' title="bbox 176 1565 1001 1639; baseline -0.005 -14"><span class='ocrx_word' id='word_1_69' title='bbox 176 1569 250 1625; x_wconf 87' lang='lat' dir='ltr'><strong><em>Nam</em></strong></span> <span class='ocrx_word' id='word_1_70' title='bbox 269 1567 319 1624; x_wconf 87' lang='lat' dir='ltr'><strong><em>ille</em></strong></span> <span class='ocrx_word' id='word_1_71' title='bbox 338 1585 370 1623; x_wconf 92' lang='lat' dir='ltr'><strong><em>eo</em></strong></span> <span class='ocrx_word' id='word_1_72' title='bbox 389 1583 557 1639; x_wconf 80' lang='lat' dir='ltr'><strong><em>magnopere</em></strong></span> <span class='ocrx_word' id='word_1_73' title='bbox 573 1584 606 1622; x_wconf 85' lang='lat' dir='ltr'><strong><em>ex</em></strong></span> <span class='ocrx_word' id='word_1_74' title='bbox 625 1569 654 1622; x_wconf 86' lang='lat' dir='ltr'><strong><em>te</em></strong></span> <span class='ocrx_word' id='word_1_75' title='bbox 674 1565 728 1622; x_wconf 82' lang='lat' dir='ltr'><strong><em>sibi</em></strong></span> <span class='ocrx_word' id='word_1_76' title='bbox 743 1567 900 1636; x_wconf 83' lang='lat' dir='ltr'><strong><em>exemplam</em></strong></span> <span class='ocrx_word' id='word_1_77' title='bbox 920 1569 1001 1639; x_wconf 84' lang='lat' dir='ltr'><strong><em>petit,</em></strong></span> 
     </span>
     <span class='ocr_line' id='line_1_12' title="bbox 179 1646 865 1716; baseline -0.004 -12"><span class='ocrx_word' id='word_1_78' title='bbox 179 1649 252 1716; x_wconf 82' lang='lat' dir='ltr'><strong><em>Quia</em></strong></span> <span class='ocrx_word' id='word_1_79' title='bbox 269 1649 316 1704; x_wconf 87' lang='lat' dir='ltr'><strong><em>hie</em></strong></span> <span class='ocrx_word' id='word_1_80' title='bbox 335 1647 446 1702; x_wconf 86' lang='lat' dir='ltr'><strong><em>audiuit</em></strong></span> <span class='ocrx_word' id='word_1_81' title='bbox 464 1663 524 1702; x_wconf 80' lang='lat' dir='ltr'><strong><em>erue</em></strong></span> <span class='ocrx_word' id='word_1_82' title='bbox 543 1649 678 1704; x_wconf 74' lang='lat' dir='ltr'><strong><em>aestatem</em></strong></span> <span class='ocrx_word' id='word_1_83' title='bbox 697 1646 865 1716; x_wconf 85' lang='lat' dir='ltr'><strong><em>perbonam,</em></strong></span> 
     </span>
     <span class='ocr_line' id='line_1_13' title="bbox 179 1726 859 1797; baseline 0 -14"><span class='ocrx_word' id='word_1_84' title='bbox 179 1727 288 1784; x_wconf 89' lang='lat' dir='ltr'><strong><em>Subdiu</em></strong></span> <span class='ocrx_word' id='word_1_85' title='bbox 307 1728 362 1783; x_wconf 84' lang='lat' dir='ltr'><strong><em>coli</em></strong></span> <span class='ocrx_word' id='word_1_86' title='bbox 380 1728 466 1782; x_wconf 81' lang='lat' dir='ltr'><strong><em>haeae</em></strong></span> <span class='ocrx_word' id='word_1_87' title='bbox 485 1728 574 1784; x_wconf 81' lang='lat' dir='ltr'><strong><em>solere</em></strong></span> <span class='ocrx_word' id='word_1_88' title='bbox 592 1730 755 1797; x_wconf 84' lang='lat' dir='ltr'><strong><em>perpetuum</em></strong></span> <span class='ocrx_word' id='word_1_89' title='bbox 777 1726 859 1783; x_wconf 88' lang='lat' dir='ltr'><strong><em>diem.</em></strong></span> 
     </span>
    </p>
   </div>
   <div class='ocr_carea' id='block_1_3' title="bbox 60 1815 1215 2694">
    <p class='ocr_par' dir='ltr' id='par_1_3' title="bbox 60 1815 1215 2447">
     <span class='ocr_line' id='line_1_14' title="bbox 71 1815 1212 1892; baseline 0.001 -19"><span class='ocrx_word' id='word_1_90' title='bbox 71 1819 126 1876; x_wconf 86' lang='lat' dir='ltr'><strong><em>Vbi</em></strong></span> <span class='ocrx_word' id='word_1_91' title='bbox 142 1824 205 1875; x_wconf 87' lang='lat' dir='ltr'><strong><em>n.1</em></strong></span> <span class='ocrx_word' id='word_1_92' title='bbox 229 1817 269 1872; x_wconf 88' lang='lat' dir='ltr'><strong><em>S1.</em></strong></span> <span class='ocrx_word' id='word_1_93' title='bbox 289 1816 350 1872; x_wconf 82' lang='lat' dir='ltr'><strong><em>Nae</em></strong></span> <span class='ocrx_word' id='word_1_94' title='bbox 371 1816 421 1871; x_wconf 88' lang='lat' dir='ltr'><strong><em>ille</em></strong></span> <span class='ocrx_word' id='word_1_95' title='bbox 445 1817 516 1888; x_wconf 86' lang='lat' dir='ltr'><strong><em>[illie</em></strong></span> <span class='ocrx_word' id='word_1_96' title='bbox 533 1815 663 1887; x_wconf 85' lang='lat' dir='ltr'><strong><em>Botbiue]</em></strong></span> <span class='ocrx_word' id='word_1_97' title='bbox 688 1816 762 1871; x_wconf 83' lang='lat' dir='ltr'><strong><em>muto</em></strong></span> <span class='ocrx_word' id='word_1_98' title='bbox 782 1816 896 1884; x_wconf 88' lang='lat' dir='ltr'><strong><em>quidem</em></strong></span> <span class='ocrx_word' id='word_1_99' title='bbox 915 1817 951 1871; x_wconf 87' lang='lat' dir='ltr'><strong><em>ab</em></strong></span> <span class='ocrx_word' id='word_1_100' title='bbox 976 1835 1059 1888; x_wconf 85' lang='lat' dir='ltr'><strong><em>opera</em></strong></span> <span class='ocrx_word' id='word_1_101' title='bbox 1078 1820 1133 1874; x_wconf 84' lang='lat' dir='ltr'><strong><em>eibi</em></strong></span> <span class='ocrx_word' id='word_1_102' title='bbox 1154 1821 1212 1892; x_wconf 81' lang='lat' dir='ltr'><strong><em>Py-</em></strong></span> 
     </span>
     <span class='ocr_line' id='line_1_15' title="bbox 66 1895 1215 1968; baseline 0.003 -14"><span class='ocrx_word' id='word_1_103' title='bbox 66 1900 143 1954; x_wconf 78' lang='lat' dir='ltr'><strong><em>tadee</em></strong></span> <span class='ocrx_word' id='word_1_104' title='bbox 165 1898 303 1966; x_wconf 74' lang='lat' dir='ltr'><strong><em>ediderat,</em></strong></span> <span class='ocrx_word' id='word_1_105' title='bbox 319 1901 377 1953; x_wconf 86' lang='lat' dir='ltr'><strong><em>o.3</em></strong></span> <span class='ocrx_word' id='word_1_106' title='bbox 399 1898 504 1966; x_wconf 76' lang='lat' dir='ltr'><strong><em>absque</em></strong></span> <span class='ocrx_word' id='word_1_107' title='bbox 528 1895 587 1951; x_wconf 80' lang='lat' dir='ltr'><strong><em>nole</em></strong></span> <span class='ocrx_word' id='word_1_108' title='bbox 606 1897 762 1966; x_wconf 83' lang='lat' dir='ltr'><strong><em>probasne</em></strong></span> <span class='ocrx_word' id='word_1_109' title='bbox 787 1898 875 1952; x_wconf 84' lang='lat' dir='ltr'><strong><em>solere</em></strong></span> <span class='ocrx_word' id='word_1_110' title='bbox 899 1898 997 1953; x_wconf 85' lang='lat' dir='ltr'><strong><em>Dousa</em></strong></span> <span class='ocrx_word' id='word_1_111' title='bbox 1015 1899 1100 1968; x_wconf 80' lang='lat' dir='ltr'><strong><em>Enpt.</em></strong></span> <span class='ocrx_word' id='word_1_112' title='bbox 1121 1900 1180 1955; x_wconf 90' lang='lat' dir='ltr'><strong><em>III</em></strong></span> <span class='ocrx_word' id='word_1_113' title='bbox 1197 1907 1215 1957; x_wconf 84' lang='lat'><strong><em>3</em></strong></span> 
     </span>
     <span class='ocr_line' id='line_1_16' title="bbox 64 1976 1214 2049; baseline -0.002 -13"><span class='ocrx_word' id='word_1_114' title='bbox 64 1982 180 2036; x_wconf 72' lang='lat' dir='ltr'><strong><em>inuenit.</em></strong></span> <span class='ocrx_word' id='word_1_115' title='bbox 208 1978 258 2032; x_wconf 80' lang='lat' dir='ltr'><strong><em>Ea</em></strong></span> <span class='ocrx_word' id='word_1_116' title='bbox 274 1978 303 2033; x_wconf 98' lang='lat' dir='ltr'><strong><em>A</em></strong></span> <span class='ocrx_word' id='word_1_117' title='bbox 317 1977 453 2032; x_wconf 78' lang='lat' dir='ltr'><strong><em>Plautino</em></strong></span> <span class='ocrx_word' id='word_1_118' title='bbox 466 1982 498 2031; x_wconf 89' lang='lat' dir='ltr'><strong><em>ut</em></strong></span> <span class='ocrx_word' id='word_1_119' title='bbox 512 1978 594 2046; x_wconf 87' lang='lat' dir='ltr'><strong><em>potui</em></strong></span> <span class='ocrx_word' id='word_1_120' title='bbox 613 1978 806 2032; x_wconf 84' lang='lat' dir='ltr'><strong><em>reconcinnaot</em></strong></span> <span class='ocrx_word' id='word_1_121' title='bbox 824 1976 876 2031; x_wconf 82' lang='lat' dir='ltr'><strong><em>sub</em></strong></span> <span class='ocrx_word' id='word_1_122' title='bbox 896 1977 944 2032; x_wconf 85' lang='lat' dir='ltr'><strong><em>diu</em></strong></span> <span class='ocrx_word' id='word_1_123' title='bbox 964 1980 1054 2047; x_wconf 83' lang='lat' dir='ltr'><strong><em>(cuiue</em></strong></span> <span class='ocrx_word' id='word_1_124' title='bbox 1067 1982 1214 2049; x_wconf 74' lang='lat' dir='ltr'><strong><em>explicatio</em></strong></span> 
     </span>
     <span class='ocr_line' id='line_1_17' title="bbox 67 2056 1213 2127; baseline -0.002 -11"><span class='ocrx_word' id='word_1_125' title='bbox 67 2067 107 2116; x_wconf 82' lang='lat' dir='ltr'><strong><em>eet</em></strong></span> <span class='ocrx_word' id='word_1_126' title='bbox 124 2060 479 2127; x_wconf 65' lang='lat' dir='ltr'><strong><em>amnemamnem</em></strong></span> <span class='ocrx_word' id='word_1_127' title='bbox 497 2057 676 2112; x_wconf 74' lang='lat' dir='ltr'><strong><em>Laettmanno</em></strong></span> <span class='ocrx_word' id='word_1_128' title='bbox 694 2059 726 2110; x_wconf 85' lang='lat' dir='ltr'><strong><em>ia</em></strong></span> <span class='ocrx_word' id='word_1_129' title='bbox 740 2056 824 2112; x_wconf 85' lang='lat' dir='ltr'><strong><em>Lacr.</em></strong></span> <span class='ocrx_word' id='word_1_130' title='bbox 839 2056 888 2111; x_wconf 90' lang='lat' dir='ltr'><strong><em>IV</em></strong></span> <span class='ocrx_word' id='word_1_131' title='bbox 897 2061 962 2114; x_wconf 84' lang='lat'><strong><em>211.</em></strong></span> <span class='ocrx_word' id='word_1_132' title='bbox 992 2057 1048 2112; x_wconf 86' lang='lat' dir='ltr'><strong><em>Sub</em></strong></span> <span class='ocrx_word' id='word_1_133' title='bbox 1068 2058 1115 2113; x_wconf 90' lang='lat' dir='ltr'><strong><em>dio</em></strong></span> <span class='ocrx_word' id='word_1_134' title='bbox 1129 2058 1213 2114; x_wconf 90' lang='lat' dir='ltr'><strong><em>Lam·</em></strong></span> 
     </span>
     <span class='ocr_line' id='line_1_18' title="bbox 65 2135 1215 2208; baseline -0.002 -13"><span class='ocrx_word' id='word_1_135' title='bbox 65 2139 336 2208; x_wconf 73' lang='lat' dir='ltr'><strong><em>binue‚Pu1meriue.</em></strong></span> <span class='ocrx_word' id='word_1_136' title='bbox 364 2135 422 2191; x_wconf 79' lang='lat' dir='ltr'><strong><em>Sub</em></strong></span> <span class='ocrx_word' id='word_1_137' title='bbox 436 2137 502 2191; x_wconf 88' lang='lat' dir='ltr'><strong><em>diuo</em></strong></span> <span class='ocrx_word' id='word_1_138' title='bbox 517 2137 694 2192; x_wconf 82' lang='lat' dir='ltr'><strong><em>Hermannue</em></strong></span> <span class='ocrx_word' id='word_1_139' title='bbox 710 2139 741 2191; x_wconf 86' lang='lat' dir='ltr'><strong><em>in</em></strong></span> <span class='ocrx_word' id='word_1_140' title='bbox 756 2138 844 2191; x_wconf 83' lang='lat' dir='ltr'><strong><em>Iabni</em></strong></span> <span class='ocrx_word' id='word_1_141' title='bbox 857 2138 962 2192; x_wconf 85' lang='lat' dir='ltr'><strong><em>Annot.</em></strong></span> <span class='ocrx_word' id='word_1_142' title='bbox 977 2154 1039 2194; x_wconf 84' lang='lat' dir='ltr'><strong><em>noo.</em></strong></span> <span class='ocrx_word' id='word_1_143' title='bbox 1054 2143 1072 2193; x_wconf 91' lang='lat' dir='ltr'><strong><em>t.</em></strong></span> <span class='ocrx_word' id='word_1_144' title='bbox 1090 2138 1215 2193; x_wconf 86' lang='lat' dir='ltr'><strong><em>XXXV</em></strong></span> 
     </span>
     <span class='ocr_line' id='line_1_19' title="bbox 60 2216 1214 2292; baseline 0 -18"><span class='ocrx_word' id='word_1_145' title='bbox 60 2238 92 2292; x_wconf 85' lang='lat' dir='ltr'><strong><em>p.</em></strong></span> <span class='ocrx_word' id='word_1_146' title='bbox 107 2223 178 2276; x_wconf 81' lang='lat'><strong><em>196:</em></strong></span> <span class='ocrx_word' id='word_1_147' title='bbox 200 2219 233 2273; x_wconf 80' lang='lat' dir='ltr'><strong><em>in</em></strong></span> <span class='ocrx_word' id='word_1_148' title='bbox 255 2216 369 2288; x_wconf 71' lang='lat' dir='ltr'><strong><em>reliquie</em></strong></span> <span class='ocrx_word' id='word_1_149' title='bbox 390 2232 447 2271; x_wconf 85' lang='lat' dir='ltr'><strong><em>non</em></strong></span> <span class='ocrx_word' id='word_1_150' title='bbox 468 2217 556 2288; x_wconf 80' lang='lat' dir='ltr'><strong><em>mapie</em></strong></span> <span class='ocrx_word' id='word_1_151' title='bbox 575 2233 656 2284; x_wconf 80' lang='lat' dir='ltr'><strong><em>quam</em></strong></span> <span class='ocrx_word' id='word_1_152' title='bbox 680 2217 893 2286; x_wconf 81' lang='lat' dir='ltr'><strong><em>Xampmannue</em></strong></span> <span class='ocrx_word' id='word_1_153' title='bbox 916 2218 949 2273; x_wconf 82' lang='lat' dir='ltr'><strong><em>de</em></strong></span> <span class='ocrx_word' id='word_1_154' title='bbox 966 2230 1004 2269; x_wconf 74' lang='lat' dir='ltr'><strong><em>aa</em></strong></span> <span class='ocrx_word' id='word_1_155' title='bbox 1017 2234 1114 2287; x_wconf 86' lang='lat' dir='ltr'><strong><em>praep.</em></strong></span> <span class='ocrx_word' id='word_1_156' title='bbox 1131 2236 1161 2289; x_wconf 90' lang='lat' dir='ltr'><strong><em>p.</em></strong></span> <span class='ocrx_word' id='word_1_157' title='bbox 1177 2222 1214 2274; x_wconf 83' lang='lat'><strong><em>35</em></strong></span> 
     </span>
     <span class='ocr_line' id='line_1_20' title="bbox 63 2297 1214 2366; baseline -0.003 -11"><span class='ocrx_word' id='word_1_158' title='bbox 63 2301 134 2356; x_wconf 74' lang='lat' dir='ltr'><strong><em>satie</em></strong></span> <span class='ocrx_word' id='word_1_159' title='bbox 155 2299 270 2366; x_wconf 64' lang='lat' dir='ltr'><strong><em>somene.</em></strong></span> <span class='ocrx_word' id='word_1_160' title='bbox 305 2297 401 2352; x_wconf 85' lang='lat' dir='ltr'><strong><em>Primo</em></strong></span> <span class='ocrx_word' id='word_1_161' title='bbox 423 2312 502 2351; x_wconf 76' lang='lat' dir='ltr'><strong><em>verne</em></strong></span> <span class='ocrx_word' id='word_1_162' title='bbox 524 2297 596 2365; x_wconf 78' lang='lat' dir='ltr'><strong><em>quod</em></strong></span> <span class='ocrx_word' id='word_1_163' title='bbox 618 2313 721 2364; x_wconf 82' lang='lat' dir='ltr'><strong><em>magno</em></strong></span> <span class='ocrx_word' id='word_1_164' title='bbox 744 2300 774 2366; x_wconf 80' lang='lat' dir='ltr'><strong><em>in</em></strong></span> <span class='ocrx_word' id='word_1_165' title='bbox 798 2297 825 2349; x_wconf 93' lang='lat' dir='ltr'><em>B</em></span> <span class='ocrx_word' id='word_1_166' title='bbox 851 2313 905 2352; x_wconf 84' lang='lat' dir='ltr'><strong><em>eeee</em></strong></span> <span class='ocrx_word' id='word_1_167' title='bbox 927 2297 1119 2353; x_wconf 81' lang='lat' dir='ltr'><strong><em>Flecteieenue</em></strong></span> <span class='ocrx_word' id='word_1_168' title='bbox 1146 2299 1214 2353; x_wconf 81' lang='lat' dir='ltr'><strong><em>dicit</em></strong></span> 
     </span>
     <span class='ocr_line' id='line_1_21' title="bbox 66 2374 1042 2447; baseline -0.003 -12"><span class='ocrx_word' id='word_1_169' title='bbox 66 2378 246 2447; x_wconf 67' lang='lat' dir='ltr'><strong><em>Phaetonte.</em></strong></span> <span class='ocrx_word' id='word_1_170' title='bbox 265 2376 309 2430; x_wconf 89' lang='grc' dir='ltr'><strong><em>ΙΙ</em></strong></span> <span class='ocrx_word' id='word_1_171' title='bbox 319 2392 349 2445; x_wconf 89' lang='lat' dir='ltr'><strong><em>p.</em></strong></span> <span class='ocrx_word' id='word_1_172' title='bbox 366 2381 428 2442; x_wconf 91' lang='grc'><strong><em>100,</em></strong></span> <span class='ocrx_word' id='word_1_173' title='bbox 446 2392 465 2430; x_wconf 91' lang='lat' dir='ltr'><strong><em>u</em></strong></span> <span class='ocrx_word' id='word_1_174' title='bbox 484 2374 637 2431; x_wconf 78' lang='lat' dir='ltr'><strong><em>Camerarii</em></strong></span> <span class='ocrx_word' id='word_1_175' title='bbox 655 2393 740 2431; x_wconf 79' lang='lat' dir='ltr'><strong><em>ntonu</em></strong></span> <span class='ocrx_word' id='word_1_176' title='bbox 757 2376 806 2430; x_wconf 78' lang='lat' dir='ltr'><strong><em>eet’</em></strong></span> <span class='ocrx_word' id='word_1_177' title='bbox 827 2374 870 2442; x_wconf 70' lang='lat' dir='ltr'><strong><em>B,</em></strong></span> <span class='ocrx_word' id='word_1_178' title='bbox 888 2379 936 2446; x_wconf 75' lang='lat' dir='ltr'><strong><em>qui</em></strong></span> <span class='ocrx_word' id='word_1_179' title='bbox 953 2378 1042 2432; x_wconf 80' lang='lat' dir='ltr'><strong><em>dedit:</em></strong></span> 
     </span>
    </p>

    <p class='ocr_par' dir='ltr' id='par_1_4' title="bbox 114 2462 1023 2535">
     <span class='ocr_line' id='line_1_22' title="bbox 114 2462 1023 2535; baseline -0.002 -13"><span class='ocrx_word' id='word_1_180' title='bbox 114 2467 158 2523; x_wconf 82' lang='lat' dir='ltr'><strong><em>Sl.</em></strong></span> <span class='ocrx_word' id='word_1_181' title='bbox 175 2464 220 2520; x_wconf 78' lang='lat' dir='ltr'><strong><em>Ne</em></strong></span> <span class='ocrx_word' id='word_1_182' title='bbox 238 2463 289 2519; x_wconf 89' lang='lat' dir='ltr'><strong><em>ille</em></strong></span> <span class='ocrx_word' id='word_1_183' title='bbox 307 2467 342 2520; x_wconf 76' lang='lat' dir='ltr'><strong><em>Ax</em></strong></span> <span class='ocrx_word' id='word_1_184' title='bbox 360 2464 436 2519; x_wconf 88' lang='lat' dir='ltr'><strong><em>malo</em></strong></span> <span class='ocrx_word' id='word_1_185' title='bbox 453 2462 559 2519; x_wconf 83' lang='lat' dir='ltr'><strong><em>malum</em></strong></span> <span class='ocrx_word' id='word_1_186' title='bbox 577 2465 643 2518; x_wconf 78' lang='lat' dir='ltr'><strong><em>hine</em></strong></span> <span class='ocrx_word' id='word_1_187' title='bbox 663 2480 746 2533; x_wconf 87' lang='lat' dir='ltr'><strong><em>opere</em></strong></span> <span class='ocrx_word' id='word_1_188' title='bbox 766 2464 925 2534; x_wconf 75' lang='lat' dir='ltr'><strong><em>exemplum</em></strong></span> <span class='ocrx_word' id='word_1_189' title='bbox 943 2466 1023 2535; x_wconf 85' lang='lat' dir='ltr'><strong><em>petit.</em></strong></span> 
     </span>
    </p>

    <p class='ocr_par' dir='ltr' id='par_1_5' title="bbox 98 2542 931 2614">
     <span class='ocr_line' id='line_1_23' title="bbox 98 2542 931 2614; baseline -0.007 -12"><span class='ocrx_word' id='word_1_190' title='bbox 98 2547 155 2602; x_wconf 77' lang='grc' dir='ltr'><strong><em>ΤΒ.</em></strong></span> <span class='ocrx_word' id='word_1_191' title='bbox 176 2544 251 2612; x_wconf 80' lang='lat' dir='ltr'><strong><em>Quin</em></strong></span> <span class='ocrx_word' id='word_1_192' title='bbox 269 2545 350 2600; x_wconf 67' lang='lat' dir='ltr'><strong><em>aestu</em></strong></span> <span class='ocrx_word' id='word_1_193' title='bbox 369 2543 479 2598; x_wconf 83' lang='lat' dir='ltr'><strong><em>audiuit</em></strong></span> <span class='ocrx_word' id='word_1_194' title='bbox 496 2548 556 2599; x_wconf 76' lang='lat' dir='ltr'><strong><em>enne</em></strong></span> <span class='ocrx_word' id='word_1_195' title='bbox 574 2542 616 2597; x_wconf 87' lang='lat' dir='ltr'><strong><em>ibi</em></strong></span> <span class='ocrx_word' id='word_1_196' title='bbox 635 2544 741 2599; x_wconf 86' lang='lat' dir='ltr'><strong><em>uictum</em></strong></span> <span class='ocrx_word' id='word_1_197' title='bbox 760 2544 931 2614; x_wconf 74' lang='lat' dir='ltr'><strong><em>perbonam:</em></strong></span> 
     </span>
    </p>

    <p class='ocr_par' dir='ltr' id='par_1_6' title="bbox 173 2624 850 2694">
     <span class='ocr_line' id='line_1_24' title="bbox 173 2624 850 2694; baseline 0 -14"><span class='ocrx_word' id='word_1_198' title='bbox 173 2625 232 2680; x_wconf 88' lang='lat' dir='ltr'><strong><em>Sub</em></strong></span> <span class='ocrx_word' id='word_1_199' title='bbox 251 2625 299 2678; x_wconf 78' lang='lat' dir='ltr'><strong><em>diu</em></strong></span> <span class='ocrx_word' id='word_1_200' title='bbox 319 2624 409 2679; x_wconf 86' lang='lat' dir='ltr'><strong><em>colere</em></strong></span> <span class='ocrx_word' id='word_1_201' title='bbox 428 2625 457 2678; x_wconf 86' lang='lat' dir='ltr'><strong><em>te</em></strong></span> <span class='ocrx_word' id='word_1_202' title='bbox 476 2626 564 2692; x_wconf 75' lang='lat' dir='ltr'><strong><em>itaque</em></strong></span> <span class='ocrx_word' id='word_1_203' title='bbox 583 2627 747 2694; x_wconf 75' lang='lat' dir='ltr'><strong><em>perpetuam</em></strong></span> <span class='ocrx_word' id='word_1_204' title='bbox 767 2626 850 2680; x_wconf 88' lang='lat' dir='ltr'><strong><em>diem.</em></strong></span> 
     </span>
    </p>
   </div>
   <div class='ocr_carea' id='block_1_4' title="bbox 59 2711 1213 4144">
    <p class='ocr_par' dir='ltr' id='par_1_7' title="bbox 59 2711 1213 3819">
     <span class='ocr_line' id='line_1_25' title="bbox 67 2711 1210 2786; baseline 0 -14"><span class='ocrx_word' id='word_1_205' title='bbox 67 2717 122 2772; x_wconf 87' lang='lat' dir='ltr'><strong><em>Vbi</em></strong></span> <span class='ocrx_word' id='word_1_206' title='bbox 140 2733 164 2770; x_wconf 85' lang='lat' dir='ltr'><strong><em>e.</em></strong></span> <span class='ocrx_word' id='word_1_207' title='bbox 181 2720 233 2769; x_wconf 78' lang='lat' dir='ltr'><strong><em>tea</em></strong></span> <span class='ocrx_word' id='word_1_208' title='bbox 252 2719 316 2768; x_wconf 91' lang='lat' dir='ltr'><strong><em>ante</em></strong></span> <span class='ocrx_word' id='word_1_209' title='bbox 335 2713 408 2767; x_wconf 90' lang='lat' dir='ltr'><strong><em>Nam</em></strong></span> <span class='ocrx_word' id='word_1_210' title='bbox 427 2711 475 2767; x_wconf 89' lang='lat' dir='ltr'><strong><em>ille</em></strong></span> <span class='ocrx_word' id='word_1_211' title='bbox 494 2729 528 2766; x_wconf 83' lang='lat' dir='ltr'><strong><em>ex</em></strong></span> <span class='ocrx_word' id='word_1_212' title='bbox 546 2729 566 2771; x_wconf 87' lang='lat' dir='ltr'><strong><em>e.</em></strong></span> <span class='ocrx_word' id='word_1_213' title='bbox 581 2731 605 2782; x_wconf 76' lang='lat' dir='ltr'><strong><em>q.</em></strong></span> <span class='ocrx_word' id='word_1_214' title='bbox 619 2729 641 2767; x_wconf 84' lang='lat' dir='ltr'><strong><em>s.</em></strong></span> <span class='ocrx_word' id='word_1_215' title='bbox 660 2714 866 2769; x_wconf 80' lang='lat' dir='ltr'><strong><em>Kretecbmerua</em></strong></span> <span class='ocrx_word' id='word_1_216' title='bbox 882 2714 989 2784; x_wconf 76' lang='lat' dir='ltr'><strong><em>Quaest.</em></strong></span> <span class='ocrx_word' id='word_1_217' title='bbox 1006 2715 1050 2769; x_wconf 75' lang='grc' dir='ltr'><strong><em>ΡΖ.</em></strong></span> <span class='ocrx_word' id='word_1_218' title='bbox 1066 2734 1095 2784; x_wconf 92' lang='lat' dir='ltr'><strong><em>p.</em></strong></span> <span class='ocrx_word' id='word_1_219' title='bbox 1111 2720 1210 2786; x_wconf 72' lang='lat' dir='ltr'><strong><em>17³tt·</em></strong></span> 
     </span>
     <span class='ocr_line' id='line_1_26' title="bbox 63 2791 1211 2865; baseline 0 -15"><span class='ocrx_word' id='word_1_220' title='bbox 63 2796 235 2865; x_wconf 76' lang='lat' dir='ltr'><strong><em>opinabatur</em></strong></span> <span class='ocrx_word' id='word_1_221' title='bbox 253 2794 422 2849; x_wconf 79' lang='lat' dir='ltr'><strong><em>intercidisse</em></strong></span> <span class='ocrx_word' id='word_1_222' title='bbox 440 2794 514 2848; x_wconf 82' lang='lat' dir='ltr'><strong><em>oetut</em></strong></span> <span class='ocrx_word' id='word_1_223' title='bbox 536 2791 642 2862; x_wconf 76' lang='lat' dir='ltr'><strong><em>Edepol</em></strong></span> <span class='ocrx_word' id='word_1_224' title='bbox 662 2793 748 2847; x_wconf 85' lang='lat' dir='ltr'><strong><em>faciet</em></strong></span> <span class='ocrx_word' id='word_1_225' title='bbox 766 2793 819 2847; x_wconf 90' lang='lat' dir='ltr'><strong><em>hoe</em></strong></span> <span class='ocrx_word' id='word_1_226' title='bbox 844 2810 946 2861; x_wconf 83' lang='lat' dir='ltr'><strong><em>magno</em></strong></span> <span class='ocrx_word' id='word_1_227' title='bbox 966 2795 1141 2849; x_wconf 76' lang='lat' dir='ltr'><strong><em>incommodo</em></strong></span> <span class='ocrx_word' id='word_1_228' title='bbox 1162 2813 1211 2850; x_wconf 91' lang='lat' dir='ltr'><strong><em>suo</em></strong></span> 
     </span>
     <span class='ocr_line' id='line_1_27' title="bbox 64 2872 1212 2944; baseline -0.001 -14"><span class='ocrx_word' id='word_1_229' title='bbox 64 2878 110 2944; x_wconf 79' lang='lat' dir='ltr'><strong><em>(es.</em></strong></span> <span class='ocrx_word' id='word_1_230' title='bbox 129 2875 271 2930; x_wconf 79' lang='lat' dir='ltr'><strong><em>Luebeius</em></strong></span> <span class='ocrx_word' id='word_1_231' title='bbox 293 2875 325 2928; x_wconf 92' lang='lat' dir='ltr'><strong><em>in</em></strong></span> <span class='ocrx_word' id='word_1_232' title='bbox 343 2873 462 2928; x_wconf 76' lang='lat' dir='ltr'><strong><em>Studet.</em></strong></span> <span class='ocrx_word' id='word_1_233' title='bbox 483 2872 561 2927; x_wconf 71' lang='lat' dir='ltr'><strong><em>Stant.</em></strong></span> <span class='ocrx_word' id='word_1_234' title='bbox 583 2874 604 2925; x_wconf 90' lang='lat' dir='ltr'><strong><em>I</em></strong></span> <span class='ocrx_word' id='word_1_235' title='bbox 619 2890 646 2940; x_wconf 91' lang='lat' dir='ltr'><strong><em>p.</em></strong></span> <span class='ocrx_word' id='word_1_236' title='bbox 662 2875 716 2941; x_wconf 76' lang='lat'><strong><em>49).</em></strong></span> <span class='ocrx_word' id='word_1_237' title='bbox 747 2873 819 2927; x_wconf 88' lang='lat' dir='ltr'><strong><em>Nam</em></strong></span> <span class='ocrx_word' id='word_1_238' title='bbox 838 2889 909 2940; x_wconf 92' lang='lat' dir='ltr'><strong><em>quor</em></strong></span> <span class='ocrx_word' id='word_1_239' title='bbox 931 2873 979 2926; x_wconf 83' lang='lat' dir='ltr'><strong><em>illa</em></strong></span> <span class='ocrx_word' id='word_1_240' title='bbox 999 2892 1031 2927; x_wconf 85' lang='lat' dir='ltr'><strong><em>ex</em></strong></span> <span class='ocrx_word' id='word_1_241' title='bbox 1051 2875 1126 2929; x_wconf 87' lang='lat' dir='ltr'><strong><em>malo</em></strong></span> <span class='ocrx_word' id='word_1_242' title='bbox 1147 2875 1212 2929; x_wconf 86' lang='lat' dir='ltr'><strong><em>hine</em></strong></span> 
     </span>
     <span class='ocr_line' id='line_1_28' title="bbox 63 2952 1211 3026; baseline -0.003 -16"><span class='ocrx_word' id='word_1_243' title='bbox 63 2973 148 3026; x_wconf 87' lang='lat' dir='ltr'><strong><em>opere</em></strong></span> <span class='ocrx_word' id='word_1_244' title='bbox 167 2955 303 3025; x_wconf 77' lang='lat' dir='ltr'><strong><em>Buppiue.</em></strong></span> <span class='ocrx_word' id='word_1_245' title='bbox 332 2954 376 3008; x_wconf 87' lang='lat' dir='ltr'><strong><em>De</em></strong></span> <span class='ocrx_word' id='word_1_246' title='bbox 395 2968 427 3006; x_wconf 82' lang='lat' dir='ltr'><strong><em>ex</em></strong></span> <span class='ocrx_word' id='word_1_247' title='bbox 446 2956 474 3006; x_wconf 86' lang='lat' dir='ltr'><strong><em>te</em></strong></span> <span class='ocrx_word' id='word_1_248' title='bbox 493 2958 567 3006; x_wconf 83' lang='lat' dir='ltr'><strong><em>errat</em></strong></span> <span class='ocrx_word' id='word_1_249' title='bbox 585 2952 704 3006; x_wconf 82' lang='lat' dir='ltr'><strong><em>Baierus</em></strong></span> <span class='ocrx_word' id='word_1_250' title='bbox 718 2969 748 3021; x_wconf 91' lang='lat' dir='ltr'><strong><em>p.</em></strong></span> <span class='ocrx_word' id='word_1_251' title='bbox 765 2956 836 3019; x_wconf 78' lang='grc'><strong><em>178,</em></strong></span> <span class='ocrx_word' id='word_1_252' title='bbox 855 2954 927 3022; x_wconf 75' lang='lat' dir='ltr'><strong><em>punct</em></strong></span> <span class='ocrx_word' id='word_1_253' title='bbox 950 2955 1022 3007; x_wconf 84' lang='lat' dir='ltr'><strong><em>eoois</em></strong></span> <span class='ocrx_word' id='word_1_254' title='bbox 1041 2954 1105 3007; x_wconf 90' lang='lat' dir='ltr'><strong><em>hino</em></strong></span> <span class='ocrx_word' id='word_1_255' title='bbox 1128 2956 1211 3008; x_wconf 82' lang='lat' dir='ltr'><strong><em>intor-</em></strong></span> 
     </span>
     <span class='ocr_line' id='line_1_29' title="bbox 59 3030 1210 3107; baseline -0.003 -18"><span class='ocrx_word' id='word_1_256' title='bbox 59 3037 262 3107; x_wconf 82' lang='lat' dir='ltr'><strong><em>pretamentum</em></strong></span> <span class='ocrx_word' id='word_1_257' title='bbox 286 3038 331 3087; x_wconf 82' lang='lat' dir='ltr'><strong><em>eet.</em></strong></span> <span class='ocrx_word' id='word_1_258' title='bbox 352 3063 384 3073; x_wconf 88' lang='lat'>—</span> <span class='ocrx_word' id='word_1_259' title='bbox 409 3033 440 3086; x_wconf 89' lang='lat' dir='ltr'><strong><em>V.</em></strong></span> <span class='ocrx_word' id='word_1_260' title='bbox 458 3038 508 3087; x_wconf 82' lang='grc'><strong><em>764</em></strong></span> <span class='ocrx_word' id='word_1_261' title='bbox 533 3030 603 3095; x_wconf 84' lang='lat' dir='ltr'><strong><em>Quia</em></strong></span> <span class='ocrx_word' id='word_1_262' title='bbox 626 3032 690 3084; x_wconf 83' lang='lat' dir='ltr'><strong><em>istic</em></strong></span> <span class='ocrx_word' id='word_1_263' title='bbox 714 3030 786 3085; x_wconf 86' lang='lat' dir='ltr'><strong><em>uidit</em></strong></span> <span class='ocrx_word' id='word_1_264' title='bbox 809 3047 870 3086; x_wconf 80' lang='lat' dir='ltr'><strong><em>enee</em></strong></span> <span class='ocrx_word' id='word_1_265' title='bbox 895 3034 1031 3087; x_wconf 76' lang='lat' dir='ltr'><strong><em>aestatem</em></strong></span> <span class='ocrx_word' id='word_1_266' title='bbox 1057 3035 1210 3103; x_wconf 83' lang='lat' dir='ltr'><strong><em>perbonam</em></strong></span> 
     </span>
     <span class='ocr_line' id='line_1_30' title="bbox 63 3110 1204 3184; baseline -0.002 -14"><span class='ocrx_word' id='word_1_267' title='bbox 63 3116 217 3184; x_wconf 85' lang='lat' dir='ltr'><strong><em>Geppertae</em></strong></span> <span class='ocrx_word' id='word_1_268' title='bbox 240 3113 318 3167; x_wconf 79' lang='lat' dir='ltr'><strong><em>Stoa.</em></strong></span> <span class='ocrx_word' id='word_1_269' title='bbox 340 3113 382 3166; x_wconf 83' lang='lat' dir='ltr'><strong><em>Pl.</em></strong></span> <span class='ocrx_word' id='word_1_270' title='bbox 402 3112 442 3165; x_wconf 93' lang='lat' dir='ltr'><strong><em>II</em></strong></span> <span class='ocrx_word' id='word_1_271' title='bbox 454 3130 484 3182; x_wconf 91' lang='lat' dir='ltr'><strong><em>p.</em></strong></span> <span class='ocrx_word' id='word_1_272' title='bbox 501 3117 542 3166; x_wconf 84' lang='lat'><strong><em>71.</em></strong></span> <span class='ocrx_word' id='word_1_273' title='bbox 575 3110 647 3176; x_wconf 81' lang='lat' dir='ltr'><strong><em>Quia</em></strong></span> <span class='ocrx_word' id='word_1_274' title='bbox 674 3110 778 3165; x_wconf 87' lang='lat' dir='ltr'><strong><em>uictum</em></strong></span> <span class='ocrx_word' id='word_1_275' title='bbox 807 3112 916 3166; x_wconf 89' lang='lat' dir='ltr'><strong><em>audiuit</em></strong></span> <span class='ocrx_word' id='word_1_276' title='bbox 944 3130 1003 3167; x_wconf 80' lang='lat' dir='ltr'><strong><em>ease</em></strong></span> <span class='ocrx_word' id='word_1_277' title='bbox 1030 3116 1138 3168; x_wconf 84' lang='lat' dir='ltr'><strong><em>aestate</em></strong></span> <span class='ocrx_word' id='word_1_278' title='bbox 1165 3115 1204 3168; x_wconf 92' lang='lat' dir='ltr'><strong><em>ibi</em></strong></span> 
     </span>
     <span class='ocr_line' id='line_1_31' title="bbox 62 3189 1203 3265; baseline 0 -17"><span class='ocrx_word' id='word_1_279' title='bbox 62 3195 217 3265; x_wconf 85' lang='lat' dir='ltr'><strong><em>perbonam</em></strong></span> <span class='ocrx_word' id='word_1_280' title='bbox 241 3194 375 3262; x_wconf 76' lang='lat' dir='ltr'><strong><em>Buppius.</em></strong></span> <span class='ocrx_word' id='word_1_281' title='bbox 409 3192 480 3257; x_wconf 83' lang='lat' dir='ltr'><strong><em>Quia</em></strong></span> <span class='ocrx_word' id='word_1_282' title='bbox 506 3192 552 3246; x_wconf 86' lang='lat' dir='ltr'><strong><em>hie</em></strong></span> <span class='ocrx_word' id='word_1_283' title='bbox 579 3189 667 3244; x_wconf 86' lang='lat' dir='ltr'><strong><em>uitam</em></strong></span> <span class='ocrx_word' id='word_1_284' title='bbox 696 3189 805 3245; x_wconf 88' lang='lat' dir='ltr'><strong><em>audiuit</em></strong></span> <span class='ocrx_word' id='word_1_285' title='bbox 833 3209 893 3247; x_wconf 83' lang='lat' dir='ltr'><strong><em>eene</em></strong></span> <span class='ocrx_word' id='word_1_286' title='bbox 917 3196 1023 3247; x_wconf 80' lang='lat' dir='ltr'><strong><em>aestate</em></strong></span> <span class='ocrx_word' id='word_1_287' title='bbox 1049 3195 1203 3261; x_wconf 86' lang='lat' dir='ltr'><strong><em>perbonam</em></strong></span> 
     </span>
     <span class='ocr_line' id='line_1_32' title="bbox 66 3269 1210 3344; baseline -0.002 -16"><span class='ocrx_word' id='word_1_288' title='bbox 66 3274 221 3344; x_wconf 74' lang='lat' dir='ltr'><strong><em>Veeinpiue.</em></strong></span> <span class='ocrx_word' id='word_1_289' title='bbox 255 3271 326 3337; x_wconf 83' lang='lat' dir='ltr'><strong><em>Quia</em></strong></span> <span class='ocrx_word' id='word_1_290' title='bbox 349 3288 410 3326; x_wconf 84' lang='lat' dir='ltr'><strong><em>esse</em></strong></span> <span class='ocrx_word' id='word_1_291' title='bbox 434 3271 514 3326; x_wconf 88' lang='lat' dir='ltr'><strong><em>audit</em></strong></span> <span class='ocrx_word' id='word_1_292' title='bbox 537 3272 643 3325; x_wconf 80' lang='lat' dir='ltr'><strong><em>aestate</em></strong></span> <span class='ocrx_word' id='word_1_293' title='bbox 668 3269 772 3324; x_wconf 88' lang='lat' dir='ltr'><strong><em>ibidem</em></strong></span> <span class='ocrx_word' id='word_1_294' title='bbox 791 3270 897 3326; x_wconf 89' lang='lat' dir='ltr'><strong><em>uictum</em></strong></span> <span class='ocrx_word' id='word_1_295' title='bbox 920 3291 945 3341; x_wconf 86' lang='lat' dir='ltr'><strong><em>p.</em></strong></span> <span class='ocrx_word' id='word_1_296' title='bbox 967 3274 1086 3328; x_wconf 80' lang='lat' dir='ltr'><strong><em>Ettisiue</em></strong></span> <span class='ocrx_word' id='word_1_297' title='bbox 1100 3291 1130 3342; x_wconf 93' lang='lat' dir='ltr'><strong><em>p.</em></strong></span> <span class='ocrx_word' id='word_1_298' title='bbox 1147 3279 1210 3329; x_wconf 82' lang='grc'><strong><em>168.</em></strong></span> 
     </span>
     <span class='ocr_line' id='line_1_33' title="bbox 64 3351 1213 3418; baseline 0 -9"><span class='ocrx_word' id='word_1_299' title='bbox 64 3354 187 3409; x_wconf 77' lang='lat' dir='ltr'><strong><em>Ceterum</em></strong></span> <span class='ocrx_word' id='word_1_300' title='bbox 208 3351 279 3406; x_wconf 89' lang='lat' dir='ltr'><strong><em>mibi</em></strong></span> <span class='ocrx_word' id='word_1_301' title='bbox 301 3353 369 3407; x_wconf 88' lang='lat' dir='ltr'><strong><em>mire</em></strong></span> <span class='ocrx_word' id='word_1_302' title='bbox 390 3351 416 3406; x_wconf 77' lang='lat' dir='ltr'><strong><em>tr.</em></strong></span> <span class='ocrx_word' id='word_1_303' title='bbox 437 3352 454 3405; x_wconf 86' lang='lat' dir='ltr'><strong><em>t.</em></strong></span> <span class='ocrx_word' id='word_1_304' title='bbox 473 3366 619 3406; x_wconf 75' lang='lat' dir='ltr'><strong><em>camurana</em></strong></span> <span class='ocrx_word' id='word_1_305' title='bbox 637 3351 668 3403; x_wconf 88' lang='lat' dir='ltr'><strong><em>in</em></strong></span> <span class='ocrx_word' id='word_1_306' title='bbox 685 3351 727 3418; x_wconf 91' lang='lat' dir='ltr'><strong><em>A,</em></strong></span> <span class='ocrx_word' id='word_1_307' title='bbox 745 3357 776 3404; x_wconf 89' lang='lat' dir='ltr'><strong><em>ut</em></strong></span> <span class='ocrx_word' id='word_1_308' title='bbox 795 3353 864 3418; x_wconf 79' lang='lat' dir='ltr'><strong><em>ota,</em></strong></span> <span class='ocrx_word' id='word_1_309' title='bbox 890 3353 981 3407; x_wconf 74' lang='lat' dir='ltr'><strong><em>inscio</em></strong></span> <span class='ocrx_word' id='word_1_310' title='bbox 1005 3371 1042 3407; x_wconf 85' lang='lat' dir='ltr'><strong><em>aa</em></strong></span> <span class='ocrx_word' id='word_1_311' title='bbox 1061 3355 1098 3407; x_wconf 88' lang='lat' dir='ltr'><strong><em>aot</em></strong></span> <span class='ocrx_word' id='word_1_312' title='bbox 1117 3370 1140 3407; x_wconf 90' lang='lat' dir='ltr'><strong><em>o.</em></strong></span> <span class='ocrx_word' id='word_1_313' title='bbox 1157 3358 1213 3409; x_wconf 84' lang='grc'><strong><em>707</em></strong></span> 
     </span>
     <span class='ocr_line' id='line_1_34' title="bbox 63 3430 1211 3501; baseline -0.001 -11"><span class='ocrx_word' id='word_1_314' title='bbox 63 3434 127 3490; x_wconf 85' lang='lat' dir='ltr'><strong><em>otim</em></strong></span> <span class='ocrx_word' id='word_1_315' title='bbox 145 3434 316 3501; x_wconf 74' lang='lat' dir='ltr'><strong><em>spectaverit,</em></strong></span> <span class='ocrx_word' id='word_1_316' title='bbox 333 3432 383 3486; x_wconf 86' lang='lat' dir='ltr'><strong><em>nbi</em></strong></span> <span class='ocrx_word' id='word_1_317' title='bbox 400 3444 462 3486; x_wconf 70' lang='lat' dir='ltr'><strong><em>nuo</em></strong></span> <span class='ocrx_word' id='word_1_318' title='bbox 481 3437 639 3501; x_wconf 85' lang='lat' dir='ltr'><strong><em>corruptum</em></strong></span> <span class='ocrx_word' id='word_1_319' title='bbox 657 3433 688 3484; x_wconf 87' lang='lat' dir='ltr'><strong><em>in</em></strong></span> <span class='ocrx_word' id='word_1_320' title='bbox 702 3432 737 3488; x_wconf 91' lang='lat' dir='ltr'><strong><em>A.</em></strong></span> <span class='ocrx_word' id='word_1_321' title='bbox 755 3462 786 3471; x_wconf 94' lang='lat'><em>-</em></span> <span class='ocrx_word' id='word_1_322' title='bbox 805 3430 835 3486; x_wconf 90' lang='lat' dir='ltr'><strong><em>V.</em></strong></span> <span class='ocrx_word' id='word_1_323' title='bbox 851 3436 902 3485; x_wconf 76' lang='lat'><strong><em>765</em></strong></span> <span class='ocrx_word' id='word_1_324' title='bbox 923 3432 979 3486; x_wconf 89' lang='lat' dir='ltr'><strong><em>Sub</em></strong></span> <span class='ocrx_word' id='word_1_325' title='bbox 999 3434 1046 3487; x_wconf 92' lang='lat' dir='ltr'><strong><em>diu</em></strong></span> <span class='ocrx_word' id='word_1_326' title='bbox 1061 3435 1113 3499; x_wconf 76' lang='lat' dir='ltr'><strong><em>def.</em></strong></span> <span class='ocrx_word' id='word_1_327' title='bbox 1129 3437 1211 3489; x_wconf 86' lang='lat' dir='ltr'><strong><em>etiam</em></strong></span> 
     </span>
     <span class='ocr_line' id='line_1_35' title="bbox 63 3510 1211 3582; baseline 0.002 -15"><span class='ocrx_word' id='word_1_328' title='bbox 63 3513 202 3582; x_wconf 77' lang='lat' dir='ltr'><strong><em>Berpbine</em></strong></span> <span class='ocrx_word' id='word_1_329' title='bbox 223 3511 321 3582; x_wconf 79' lang='lat' dir='ltr'><strong><em>Opaon.</em></strong></span> <span class='ocrx_word' id='word_1_330' title='bbox 338 3513 358 3566; x_wconf 94' lang='lat' dir='ltr'><strong><em>I</em></strong></span> <span class='ocrx_word' id='word_1_331' title='bbox 371 3529 401 3581; x_wconf 86' lang='lat' dir='ltr'><strong><em>p.</em></strong></span> <span class='ocrx_word' id='word_1_332' title='bbox 417 3515 481 3579; x_wconf 79' lang='grc'><strong><em>404,</em></strong></span> <span class='ocrx_word' id='word_1_333' title='bbox 499 3511 666 3567; x_wconf 81' lang='lat' dir='ltr'><strong><em>Ribbeetriue</em></strong></span> <span class='ocrx_word' id='word_1_334' title='bbox 684 3529 749 3567; x_wconf 89' lang='lat' dir='ltr'><strong><em>eom.</em></strong></span> <span class='ocrx_word' id='word_1_335' title='bbox 766 3511 879 3580; x_wconf 73' lang='lat' dir='ltr'><strong><em>srapm&#39;</em></strong></span> <span class='ocrx_word' id='word_1_336' title='bbox 889 3528 919 3580; x_wconf 90' lang='lat' dir='ltr'><strong><em>p.</em></strong></span> <span class='ocrx_word' id='word_1_337' title='bbox 934 3510 1072 3579; x_wconf 85' lang='lat' dir='ltr'><strong><em>LXVII,</em></strong></span> <span class='ocrx_word' id='word_1_338' title='bbox 1090 3514 1211 3570; x_wconf 73' lang='lat' dir='ltr'><strong><em>Baianus</em></strong></span> 
     </span>
     <span class='ocr_line' id='line_1_36' title="bbox 60 3590 1210 3663; baseline 0.001 -16"><span class='ocrx_word' id='word_1_339' title='bbox 60 3611 88 3663; x_wconf 88' lang='lat' dir='ltr'><strong><em>p.</em></strong></span> <span class='ocrx_word' id='word_1_340' title='bbox 102 3598 149 3647; x_wconf 79' lang='grc'><strong><em>40.</em></strong></span> <span class='ocrx_word' id='word_1_341' title='bbox 178 3590 236 3645; x_wconf 83' lang='lat' dir='ltr'><strong><em>Sub</em></strong></span> <span class='ocrx_word' id='word_1_342' title='bbox 255 3590 303 3645; x_wconf 88' lang='lat' dir='ltr'><strong><em>diu</em></strong></span> <span class='ocrx_word' id='word_1_343' title='bbox 322 3590 376 3646; x_wconf 86' lang='lat' dir='ltr'><strong><em>noli</em></strong></span> <span class='ocrx_word' id='word_1_344' title='bbox 395 3592 446 3659; x_wconf 82' lang='lat' dir='ltr'><strong><em>(eie</em></strong></span> <span class='ocrx_word' id='word_1_345' title='bbox 463 3592 520 3644; x_wconf 87' lang='lat' dir='ltr'><strong><em>iam</em></strong></span> <span class='ocrx_word' id='word_1_346' title='bbox 545 3592 673 3660; x_wconf 82' lang='lat' dir='ltr'><strong><em>Weieiue)</em></strong></span> <span class='ocrx_word' id='word_1_347' title='bbox 698 3592 786 3646; x_wconf 89' lang='lat' dir='ltr'><strong><em>uitam</em></strong></span> <span class='ocrx_word' id='word_1_348' title='bbox 806 3608 892 3659; x_wconf 82' lang='lat' dir='ltr'><strong><em>usqne</em></strong></span> <span class='ocrx_word' id='word_1_349' title='bbox 912 3592 1047 3662; x_wconf 74' lang='lat' dir='ltr'><strong><em>Buppiue.</em></strong></span> <span class='ocrx_word' id='word_1_350' title='bbox 1076 3593 1133 3648; x_wconf 89' lang='lat' dir='ltr'><strong><em>Sub</em></strong></span> <span class='ocrx_word' id='word_1_351' title='bbox 1153 3596 1210 3649; x_wconf 78' lang='lat' dir='ltr'><strong><em>sole</em></strong></span> 
     </span>
     <span class='ocr_line' id='line_1_37' title="bbox 64 3668 1210 3742; baseline 0.003 -16"><span class='ocrx_word' id='word_1_352' title='bbox 64 3673 202 3727; x_wconf 83' lang='lat' dir='ltr'><strong><em>columem</em></strong></span> <span class='ocrx_word' id='word_1_353' title='bbox 231 3668 374 3736; x_wconf 84' lang='lat' dir='ltr'><strong><em>(columen</em></strong></span> <span class='ocrx_word' id='word_1_354' title='bbox 402 3670 537 3737; x_wconf 79' lang='lat' dir='ltr'><strong><em>Ettioius)</em></strong></span> <span class='ocrx_word' id='word_1_355' title='bbox 567 3688 654 3739; x_wconf 88' lang='lat' dir='ltr'><strong><em>unque</em></strong></span> <span class='ocrx_word' id='word_1_356' title='bbox 688 3673 838 3742; x_wconf 75' lang='lat' dir='ltr'><strong><em>Vesinpius.</em></strong></span> <span class='ocrx_word' id='word_1_357' title='bbox 877 3672 920 3738; x_wconf 80' lang='lat' dir='ltr'><strong><em>Os.</em></strong></span> <span class='ocrx_word' id='word_1_358' title='bbox 949 3673 1098 3742; x_wconf 74' lang='lat' dir='ltr'><strong><em>Sepst&#39;ertus</em></strong></span> <span class='ocrx_word' id='word_1_359' title='bbox 1126 3675 1210 3730; x_wconf 84' lang='lat' dir='ltr'><strong><em>Burs.</em></strong></span> 
     </span>
     <span class='ocr_line' id='line_1_38' title="bbox 63 3749 624 3819; baseline 0 -13"><span class='ocrx_word' id='word_1_360' title='bbox 63 3752 168 3806; x_wconf 80' lang='lat' dir='ltr'><strong><em>AnnaI.</em></strong></span> <span class='ocrx_word' id='word_1_361' title='bbox 189 3749 314 3804; x_wconf 85' lang='lat' dir='ltr'><strong><em>XLVII</em></strong></span> <span class='ocrx_word' id='word_1_362' title='bbox 327 3767 357 3819; x_wconf 88' lang='lat' dir='ltr'><strong><em>p.</em></strong></span> <span class='ocrx_word' id='word_1_363' title='bbox 372 3754 417 3804; x_wconf 77' lang='lat'><strong><em>43.</em></strong></span> <span class='ocrx_word' id='word_1_364' title='bbox 452 3749 520 3804; x_wconf 86' lang='lat' dir='ltr'><strong><em>Vide</em></strong></span> <span class='ocrx_word' id='word_1_365' title='bbox 537 3754 624 3819; x_wconf 83' lang='lat' dir='ltr'><strong><em>praef.</em></strong></span> 
     </span>
    </p>

    <p class='ocr_par' dir='ltr' id='par_1_8' title="bbox 61 3829 1211 4144">
     <span class='ocr_line' id='line_1_39' title="bbox 155 3829 1211 3901; baseline 0.003 -17"><span class='ocrx_word' id='word_1_366' title='bbox 155 3836 215 3885; x_wconf 81' lang='grc'>767.</span> <span class='ocrx_word' id='word_1_367' title='bbox 238 3830 299 3885; x_wconf 79' lang='lat' dir='ltr'><strong><em>‘Ea</em></strong></span> <span class='ocrx_word' id='word_1_368' title='bbox 317 3829 412 3884; x_wconf 73' lang='lat' dir='ltr'><strong><em>Sentio</em></strong></span> <span class='ocrx_word' id='word_1_369' title='bbox 430 3831 461 3884; x_wconf 85' lang='lat' dir='ltr'><strong><em>in</em></strong></span> <span class='ocrx_word' id='word_1_370' title='bbox 480 3832 548 3884; x_wconf 86' lang='lat' dir='ltr'><strong><em>Aen.</em></strong></span> <span class='ocrx_word' id='word_1_371' title='bbox 570 3831 595 3883; x_wconf 91' lang='lat' dir='ltr'><strong><em>V</em></strong></span> <span class='ocrx_word' id='word_1_372' title='bbox 611 3838 646 3886; x_wconf 84' lang='lat'><strong><em>19</em></strong></span> <span class='ocrx_word' id='word_1_373' title='bbox 666 3851 682 3886; x_wconf 85' lang='lat' dir='ltr'><strong><em>a</em></strong></span> <span class='ocrx_word' id='word_1_374' title='bbox 701 3831 777 3885; x_wconf 87' lang='lat' dir='ltr'><strong><em>mani</em></strong></span> <span class='ocrx_word' id='word_1_375' title='bbox 795 3849 884 3899; x_wconf 85' lang='lat' dir='ltr'><strong><em>unque</em></strong></span> <span class='ocrx_word' id='word_1_376' title='bbox 904 3830 940 3884; x_wconf 86' lang='lat' dir='ltr'><strong><em>ad</em></strong></span> <span class='ocrx_word' id='word_1_377' title='bbox 959 3847 1104 3901; x_wconf 84' lang='lat' dir='ltr'><strong><em>uesperum</em></strong></span> <span class='ocrx_word' id='word_1_378' title='bbox 1121 3835 1211 3899; x_wconf 79' lang='lat' dir='ltr'><strong><em>poesis</em></strong></span> 
     </span>
     <span class='ocr_line' id='line_1_40' title="bbox 61 3909 1209 3980; baseline -0.003 -13"><span class='ocrx_word' id='word_1_379' title='bbox 61 3912 107 3967; x_wconf 88' lang='lat' dir='ltr'><strong><em>hie</em></strong></span> <span class='ocrx_word' id='word_1_380' title='bbox 126 3929 145 3967; x_wconf 87' lang='lat' dir='ltr'><strong><em>a</em></strong></span> <span class='ocrx_word' id='word_1_381' title='bbox 163 3909 270 3965; x_wconf 80' lang='lat' dir='ltr'><strong><em>maniat</em></strong></span> <span class='ocrx_word' id='word_1_382' title='bbox 286 3927 375 3979; x_wconf 83' lang='lat' dir='ltr'><strong><em>neque</em></strong></span> <span class='ocrx_word' id='word_1_383' title='bbox 393 3910 445 3964; x_wconf 91' lang='lat' dir='ltr'><strong><em>ad’</em></strong></span> <span class='ocrx_word' id='word_1_384' title='bbox 467 3909 510 3964; x_wconf 73' lang='lat' dir='ltr'><strong><em>a:</em></strong></span> <span class='ocrx_word' id='word_1_385' title='bbox 532 3912 581 3965; x_wconf 88' lang='lat' dir='ltr'><strong><em>ubi</em></strong></span> <span class='ocrx_word' id='word_1_386' title='bbox 600 3929 687 3980; x_wconf 86' lang='lat' dir='ltr'><strong><em>unque</em></strong></span> <span class='ocrx_word' id='word_1_387' title='bbox 705 3929 778 3967; x_wconf 83' lang='lat' dir='ltr'><strong><em>unus</em></strong></span> <span class='ocrx_word' id='word_1_388' title='bbox 801 3913 857 3966; x_wconf 80' lang='lat' dir='ltr'><strong><em>cod.</em></strong></span> <span class='ocrx_word' id='word_1_389' title='bbox 876 3912 908 3964; x_wconf 90' lang='lat' dir='ltr'><em>N</em></span> <span class='ocrx_word' id='word_1_390' title='bbox 924 3912 1002 3964; x_wconf 83' lang='lat' dir='ltr'><strong><em>babet</em></strong></span> <span class='ocrx_word' id='word_1_391' title='bbox 1021 3927 1034 3962; x_wconf 93' lang='lat' dir='ltr'><strong><em>e</em></strong></span> <span class='ocrx_word' id='word_1_392' title='bbox 1052 3927 1135 3964; x_wconf 77' lang='lat' dir='ltr'><strong><em>corr:</em></strong></span> <span class='ocrx_word' id='word_1_393' title='bbox 1159 3928 1209 3964; x_wconf 87' lang='lat' dir='ltr'><strong><em>om.</em></strong></span> 
     </span>
     <span class='ocr_line' id='line_1_41' title="bbox 62 3990 1210 4063; baseline -0.003 -16"><span class='ocrx_word' id='word_1_394' title='bbox 62 3994 176 4063; x_wconf 77' lang='lat' dir='ltr'><strong><em>reliqui:</em></strong></span> <span class='ocrx_word' id='word_1_395' title='bbox 195 3994 267 4062; x_wconf 77' lang='lat' dir='ltr'><strong><em>quod</em></strong></span> <span class='ocrx_word' id='word_1_396' title='bbox 286 4009 319 4047; x_wconf 83' lang='lat' dir='ltr'><strong><em>ea</em></strong></span> <span class='ocrx_word' id='word_1_397' title='bbox 332 3991 431 4060; x_wconf 81' lang='lat' dir='ltr'><strong><em>Amph.</em></strong></span> <span class='ocrx_word' id='word_1_398' title='bbox 440 3996 496 4046; x_wconf 86' lang='lat'><strong><em>253</em></strong></span> <span class='ocrx_word' id='word_1_399' title='bbox 515 3992 614 4046; x_wconf 86' lang='lat' dir='ltr'><strong><em>babent</em></strong></span> <span class='ocrx_word' id='word_1_400' title='bbox 632 3991 743 4047; x_wconf 82' lang='lat' dir='ltr'><strong><em>Seruius</em></strong></span> <span class='ocrx_word' id='word_1_401' title='bbox 760 3992 957 4061; x_wconf 69' lang='lat' dir='ltr'><strong><em>Pompeiusque</em></strong></span> <span class='ocrx_word' id='word_1_402' title='bbox 975 3992 1006 4043; x_wconf 87' lang='lat' dir='ltr'><strong><em>in</em></strong></span> <span class='ocrx_word' id='word_1_403' title='bbox 1020 3991 1093 4043; x_wconf 79' lang='lat' dir='ltr'><strong><em>Iton.</em></strong></span> <span class='ocrx_word' id='word_1_404' title='bbox 1121 3990 1210 4044; x_wconf 78' lang='lat' dir='ltr'><strong><em>Errat</em></strong></span> 
     </span>
     <span class='ocr_line' id='line_1_42' title="bbox 63 4072 646 4144; baseline 0 -16"><span class='ocrx_word' id='word_1_405' title='bbox 63 4074 217 4144; x_wconf 79' lang='lat' dir='ltr'><strong><em>Geppertue</em></strong></span> <span class='ocrx_word' id='word_1_406' title='bbox 235 4073 253 4127; x_wconf 86' lang='lat' dir='ltr'><strong><em>t.</em></strong></span> <span class='ocrx_word' id='word_1_407' title='bbox 272 4089 292 4127; x_wconf 76' lang='lat' dir='ltr'><strong><em>a.</em></strong></span> <span class='ocrx_word' id='word_1_408' title='bbox 308 4078 399 4142; x_wconf 81' lang='lat' dir='ltr'><strong><em>p.⁷6.</em></strong></span> <span class='ocrx_word' id='word_1_409' title='bbox 429 4072 469 4140; x_wconf 76' lang='lat' dir='ltr'><strong><em>Os.</em></strong></span> <span class='ocrx_word' id='word_1_410' title='bbox 490 4073 527 4127; x_wconf 79' lang='lat' dir='ltr'><strong><em>od</em></strong></span> <span class='ocrx_word' id='word_1_411' title='bbox 544 4089 569 4126; x_wconf 86' lang='lat' dir='ltr'><strong><em>o.</em></strong></span> <span class='ocrx_word' id='word_1_412' title='bbox 586 4077 646 4128; x_wconf 76' lang='grc'><strong><em>704.</em></strong></span> 
     </span>
    </p>
   </div>
   <div class='ocr_carea' id='block_1_5' title="bbox 153 4157 1208 4232">
    <p class='ocr_par' dir='ltr' id='par_1_9' title="bbox 153 4157 1208 4232">
     <span class='ocr_line' id='line_1_43' title="bbox 153 4157 1208 4232; baseline -0.005 -17"><span class='ocrx_word' id='word_1_413' title='bbox 153 4167 215 4215; x_wconf 79' lang='lat' dir='ltr'><strong><em>tea.</em></strong></span> <span class='ocrx_word' id='word_1_414' title='bbox 239 4161 339 4216; x_wconf 87' lang='lat' dir='ltr'><strong><em>umbra</em></strong></span> <span class='ocrx_word' id='word_1_415' title='bbox 357 4159 396 4214; x_wconf 91' lang='lat' dir='ltr'><strong><em>mi</em></strong></span> <span class='ocrx_word' id='word_1_416' title='bbox 415 4177 532 4228; x_wconf 87' lang='lat' dir='ltr'><strong><em>nequam</em></strong></span> <span class='ocrx_word' id='word_1_417' title='bbox 553 4162 684 4232; x_wconf 65' lang='lat' dir='ltr'><strong><em>GuyetuS,</em></strong></span> <span class='ocrx_word' id='word_1_418' title='bbox 702 4162 828 4216; x_wconf 81' lang='lat' dir='ltr'><strong><em>Both-ius.</em></strong></span> <span class='ocrx_word' id='word_1_419' title='bbox 856 4158 896 4211; x_wconf 91' lang='lat' dir='ltr'><strong><em>mi</em></strong></span> <span class='ocrx_word' id='word_1_420' title='bbox 914 4158 1012 4211; x_wconf 87' lang='lat' dir='ltr'><strong><em>umbra</em></strong></span> <span class='ocrx_word' id='word_1_421' title='bbox 1031 4157 1071 4211; x_wconf 93' lang='lat' dir='ltr'><strong><em>ibi</em></strong></span> <span class='ocrx_word' id='word_1_422' title='bbox 1091 4175 1208 4226; x_wconf 86' lang='lat' dir='ltr'><strong><em>unquam</em></strong></span> 
     </span>
    </p>
   </div>
   <div class='ocr_carea' id='block_1_6' title="bbox 61 4240 1210 4327">
    <p class='ocr_par' dir='ltr' id='par_1_10' title="bbox 61 4240 1210 4327">
     <span class='ocr_line' id='line_1_44' title="bbox 61 4240 1210 4327; baseline -0.005 -30"><span class='ocrx_word' id='word_1_423' title='bbox 61 4241 90 4297; x_wconf 65' lang='grc' dir='ltr'>Β</span> <span class='ocrx_word' id='word_1_424' title='bbox 109 4243 157 4311; x_wconf 76' lang='lat' dir='ltr'><strong><em>(es.</em></strong></span> <span class='ocrx_word' id='word_1_425' title='bbox 177 4241 303 4296; x_wconf 80' lang='lat' dir='ltr'><strong><em>Baebius</em></strong></span> <span class='ocrx_word' id='word_1_426' title='bbox 320 4242 352 4295; x_wconf 87' lang='lat' dir='ltr'><strong><em>in</em></strong></span> <span class='ocrx_word' id='word_1_427' title='bbox 371 4240 489 4296; x_wconf 72' lang='lat' dir='ltr'><strong><em>stadem.</em></strong></span> <span class='ocrx_word' id='word_1_428' title='bbox 506 4242 585 4296; x_wconf 77' lang='lat' dir='ltr'><strong><em>Stat.</em></strong></span> <span class='ocrx_word' id='word_1_429' title='bbox 599 4243 639 4296; x_wconf 92' lang='lat' dir='ltr'><strong><em>II</em></strong></span> <span class='ocrx_word' id='word_1_430' title='bbox 653 4260 681 4310; x_wconf 87' lang='lat' dir='ltr'><strong><em>p.</em></strong></span> <span class='ocrx_word' id='word_1_431' title='bbox 698 4242 772 4308; x_wconf 83' lang='lat'><strong><em>376),</em></strong></span> <span class='ocrx_word' id='word_1_432' title='bbox 787 4245 881 4309; x_wconf 78' lang='lat' dir='ltr'><strong><em>postea</em></strong></span> <span class='ocrx_word' id='word_1_433' title='bbox 901 4254 1033 4305; x_wconf 71' lang='lat' dir='ltr'><strong><em>caraquam</em></strong></span> <span class='ocrx_word' id='word_1_434' title='bbox 1052 4240 1210 4327; x_wconf 69' lang='lat' dir='ltr'><strong><em>dubitanter</em></strong></span> 
     </span>
    </p>
   </div>
   <div class='ocr_carea' id='block_1_7' title="bbox 51 4316 1210 4816">
    <p class='ocr_par' dir='ltr' id='par_1_11' title="bbox 59 4316 1210 4488">
     <span class='ocr_line' id='line_1_45' title="bbox 59 4316 1210 4409; baseline -0.005 -13"><span class='ocrx_word' id='word_1_435' title='bbox 59 4339 255 4396; x_wconf 73' lang='lat' dir='ltr'><strong><em>commendant</em></strong></span> <span class='ocrx_word' id='word_1_436' title='bbox 284 4340 381 4408; x_wconf 82' lang='lat' dir='ltr'><strong><em>Opuec.</em></strong></span> <span class='ocrx_word' id='word_1_437' title='bbox 402 4341 471 4409; x_wconf 82' lang='lat' dir='ltr'><strong><em>ptrit.</em></strong></span> <span class='ocrx_word' id='word_1_438' title='bbox 496 4340 559 4393; x_wconf 91' lang='lat' dir='ltr'><strong><em>III</em></strong></span> <span class='ocrx_word' id='word_1_439' title='bbox 575 4357 605 4409; x_wconf 89' lang='lat' dir='ltr'><strong><em>p.</em></strong></span> <span class='ocrx_word' id='word_1_440' title='bbox 626 4344 690 4394; x_wconf 76' lang='lat'><strong><em>142.</em></strong></span> <span class='ocrx_word' id='word_1_441' title='bbox 725 4338 845 4392; x_wconf 78' lang='lat' dir='ltr'><strong><em>Ceterum</em></strong></span> <span class='ocrx_word' id='word_1_442' title='bbox 874 4336 972 4404; x_wconf 77' lang='lat' dir='ltr'><strong><em>absque</em></strong></span> <span class='ocrx_word' id='word_1_443' title='bbox 995 4338 1020 4389; x_wconf 86' lang='lat' dir='ltr'><strong><em>A</em></strong></span> <span class='ocrx_word' id='word_1_444' title='bbox 1049 4343 1113 4390; x_wconf 80' lang='lat' dir='ltr'><strong><em>esset</em></strong></span> <span class='ocrx_word' id='word_1_445' title='bbox 1140 4316 1210 4390; x_wconf 67' lang='lat' dir='ltr'><strong><em>mihi</em></strong></span> 
     </span>
     <span class='ocr_line' id='line_1_46' title="bbox 59 4418 653 4488; baseline -0.007 -13"><span class='ocrx_word' id='word_1_446' title='bbox 59 4423 164 4475; x_wconf 86' lang='lat' dir='ltr'><strong><em>umbra</em></strong></span> <span class='ocrx_word' id='word_1_447' title='bbox 184 4418 314 4475; x_wconf 78' lang='lat' dir='ltr'><strong><em>Ktoter&#39;ue</em></strong></span> <span class='ocrx_word' id='word_1_448' title='bbox 332 4419 468 4474; x_wconf 79' lang='lat' dir='ltr'><strong><em>similibus</em></strong></span> <span class='ocrx_word' id='word_1_449' title='bbox 486 4420 653 4488; x_wconf 74' lang='lat' dir='ltr'><strong><em>adiunperet.</em></strong></span> 
     </span>
    </p>

    <p class='ocr_par' dir='ltr' id='par_1_12' title="bbox 51 4504 1209 4816">
     <span class='ocr_line' id='line_1_47' title="bbox 153 4504 1207 4577; baseline -0.003 -14"><span class='ocrx_word' id='word_1_450' title='bbox 153 4514 214 4563; x_wconf 90' lang='grc'><strong><em>770.</em></strong></span> <span class='ocrx_word' id='word_1_451' title='bbox 248 4508 318 4563; x_wconf 85' lang='lat' dir='ltr'><strong><em>Loci</em></strong></span> <span class='ocrx_word' id='word_1_452' title='bbox 336 4508 441 4577; x_wconf 76' lang='lat' dir='ltr'><strong><em>torique</em></strong></span> <span class='ocrx_word' id='word_1_453' title='bbox 458 4508 624 4575; x_wconf 80' lang='lat' dir='ltr'><strong><em>obscuritas,</em></strong></span> <span class='ocrx_word' id='word_1_454' title='bbox 646 4509 678 4561; x_wconf 84' lang='lat' dir='ltr'><strong><em>rte</em></strong></span> <span class='ocrx_word' id='word_1_455' title='bbox 696 4523 752 4575; x_wconf 80' lang='lat' dir='ltr'><strong><em>qua</em></strong></span> <span class='ocrx_word' id='word_1_456' title='bbox 770 4505 921 4559; x_wconf 81' lang='lat' dir='ltr'><strong><em>Loreneiue</em></strong></span> <span class='ocrx_word' id='word_1_457' title='bbox 945 4505 1047 4572; x_wconf 77' lang='lat' dir='ltr'><strong><em>otiique</em></strong></span> <span class='ocrx_word' id='word_1_458' title='bbox 1064 4504 1147 4558; x_wconf 85' lang='lat' dir='ltr'><strong><em>verbo</em></strong></span> <span class='ocrx_word' id='word_1_459' title='bbox 1165 4505 1207 4571; x_wconf 78' lang='lat' dir='ltr'><strong><em>su·</em></strong></span> 
     </span>
     <span class='ocr_line' id='line_1_48' title="bbox 56 4583 1209 4660; baseline -0.007 -14"><span class='ocrx_word' id='word_1_460' title='bbox 56 4594 153 4657; x_wconf 88' lang='lat' dir='ltr'><strong><em>ciunt,</em></strong></span> <span class='ocrx_word' id='word_1_461' title='bbox 177 4588 264 4642; x_wconf 84' lang='lat' dir='ltr'><strong><em>allato</em></strong></span> <span class='ocrx_word' id='word_1_462' title='bbox 290 4588 405 4660; x_wconf 81' lang='lat' dir='ltr'><strong><em>Polybio</em></strong></span> <span class='ocrx_word' id='word_1_463' title='bbox 424 4588 464 4641; x_wconf 90' lang='grc' dir='ltr'><strong><em>ΙΙ</em></strong></span> <span class='ocrx_word' id='word_1_464' title='bbox 482 4592 528 4653; x_wconf 75' lang='grc'><strong><em>24,</em></strong></span> <span class='ocrx_word' id='word_1_465' title='bbox 548 4592 565 4641; x_wconf 85' lang='grc'>7</span> <span class='ocrx_word' id='word_1_466' title='bbox 583 4588 694 4641; x_wconf 86' lang='lat' dir='ltr'><strong><em>minime</em></strong></span> <span class='ocrx_word' id='word_1_467' title='bbox 719 4585 832 4640; x_wconf 81' lang='lat' dir='ltr'><strong><em>totlitur.</em></strong></span> <span class='ocrx_word' id='word_1_468' title='bbox 870 4584 922 4639; x_wconf 79' lang='lat' dir='ltr'><strong><em>Sed</em></strong></span> <span class='ocrx_word' id='word_1_469' title='bbox 948 4583 1038 4649; x_wconf 81' lang='lat' dir='ltr'><strong><em>Quid?</em></strong></span> <span class='ocrx_word' id='word_1_470' title='bbox 1059 4585 1209 4640; x_wconf 77' lang='lat' dir='ltr'><strong><em>Sarsinatis</em></strong></span> 
     </span>
     <span class='ocr_line' id='line_1_49' title="bbox 55 4665 1209 4740; baseline -0.008 -11"><span class='ocrx_word' id='word_1_471' title='bbox 55 4670 198 4740; x_wconf 77' lang='lat' dir='ltr'><strong><em>aequant?</em></strong></span> <span class='ocrx_word' id='word_1_472' title='bbox 221 4669 259 4722; x_wconf 86' lang='lat' dir='ltr'><strong><em>ad</em></strong></span> <span class='ocrx_word' id='word_1_473' title='bbox 281 4672 442 4737; x_wconf 78' lang='lat' dir='ltr'><strong><em>spectatores</em></strong></span> <span class='ocrx_word' id='word_1_474' title='bbox 465 4684 608 4722; x_wconf 76' lang='lat' dir='ltr'><strong><em>conuersus</em></strong></span> <span class='ocrx_word' id='word_1_475' title='bbox 631 4669 699 4721; x_wconf 81' lang='lat' dir='ltr'><strong><em>dicit</em></strong></span> <span class='ocrx_word' id='word_1_476' title='bbox 724 4665 842 4730; x_wconf 82' lang='lat' dir='ltr'><strong><em>Tranio,</em></strong></span> <span class='ocrx_word' id='word_1_477' title='bbox 867 4665 931 4720; x_wconf 79' lang='lat' dir='ltr'><strong><em>dein</em></strong></span> <span class='ocrx_word' id='word_1_478' title='bbox 955 4665 1062 4719; x_wconf 83' lang='lat' dir='ltr'><strong><em>Simoni</em></strong></span> <span class='ocrx_word' id='word_1_479' title='bbox 1087 4667 1209 4721; x_wconf 78' lang='lat' dir='ltr'><strong><em>ortioienn</em></strong></span> 
     </span>
     <span class='ocr_line' id='line_1_50' title="bbox 51 4746 1209 4816; baseline -0.004 -10"><span class='ocrx_word' id='word_1_480' title='bbox 51 4754 76 4808; x_wconf 79' lang='lat' dir='ltr'><strong><em>ai</em></strong></span> <span class='ocrx_word' id='word_1_481' title='bbox 104 4749 246 4803; x_wconf 83' lang='lat' dir='ltr'><strong><em>Vmbram</em></strong></span> <span class='ocrx_word' id='word_1_482' title='bbox 270 4763 325 4801; x_wconf 89' lang='lat' dir='ltr'><strong><em>non</em></strong></span> <span class='ocrx_word' id='word_1_483' title='bbox 348 4748 436 4801; x_wconf 84' lang='lat' dir='ltr'><strong><em>habes</em></strong></span> <span class='ocrx_word' id='word_1_484' title='bbox 464 4749 575 4814; x_wconf 70' lang='lat' dir='ltr'><strong><em>(ratioet</em></strong></span> <span class='ocrx_word' id='word_1_485' title='bbox 599 4747 740 4801; x_wconf 79' lang='lat' dir='ltr'><strong><em>Sorninnti</em></strong></span> <span class='ocrx_word' id='word_1_486' title='bbox 762 4746 878 4811; x_wconf 69' lang='lat' dir='ltr'><strong><em>tomaene</em></strong></span> <span class='ocrx_word' id='word_1_487' title='bbox 901 4748 945 4802; x_wconf 85' lang='lat' dir='ltr'><strong><em>uti</em></strong></span> <span class='ocrx_word' id='word_1_488' title='bbox 962 4747 1084 4816; x_wconf 79' lang='lat' dir='ltr'><strong><em>poteris).</em></strong></span> <span class='ocrx_word' id='word_1_489' title='bbox 1105 4778 1138 4787; x_wconf 97' lang='lat'><em>-</em></span> <span class='ocrx_word' id='word_1_490' title='bbox 1163 4747 1209 4801; x_wconf 81' lang='lat' dir='ltr'><strong><em>Art</em></strong></span> 
     </span>
    </p>
   </div>
   <div class='ocr_carea' id='block_1_8' title="bbox 0 0 1460 5528">
    <p class='ocr_par' dir='ltr' id='par_1_13' title="bbox 0 0 1460 5528">
     <span class='ocr_line' id='line_1_51' title="bbox 0 0 1460 5528; baseline 0 1"><span class='ocrx_word' id='word_1_491' title='bbox 0 0 1460 5528; x_wconf 95' lang='lat' dir='ltr'><strong><em> </em></strong></span> 
     </span>
    </p>
   </div>
  </div>
 </body>
</html>
