2910 5528
564 771 767 831 PRAEFATIO
1178 775 1240 830 XIX

88 941 256 1009 delectum
288 942 474 1026 intercedit,
505 945 639 1027 propter
668 940 753 1025 quod
783 940 835 1005 hic
867 960 1021 1024 negemus
1048 941 1141 1025 'quod
1172 941 1241 1005 illic

88 1048 302 1115 statuamus?
335 1047 425 1124 Quae
448 1070 521 1113 cum
545 1049 592 1112 ite
615 1047 682 1112 sint
706 1084 744 1094 -
771 1069 874 1131 neque
898 1070 1009 1112 omnes
1034 1048 1241 1112 exhausimus

89 1156 317 1222 dubitationes
337 1192 391 1238 -,
407 1155 507 1240 ¹nimis
530 1154 689 1219 lubricam
712 1155 930 1239 incertamque
953 1154 1058 1218 habeo
1083 1154 1242 1238 quaestio·

88 1284 169 1327 nem
193 1262 232 1327 de
255 1262 403 1328 versibus
426 1261 565 1346 singulis
587 1260 756 1344 archetypi
779 1261 908 1347 paginis
933 1259 1162 1343 adscribenda,
1186 1261 1240 1324 ubi

89 1369 303 1434 destituimur
317 1367 475 1434 eiusmodi
490 1367 699 1453 argumentis,
714 1367 823 1451 qualia
837 1367 871 1432 in
886 1367 991 1431 media
1006 1371 1097 1450 parte
1113 1376 1241 1450 praesto

90 1479 183 1541 sunt.
219 1473 333 1560 Neque
361 1475 500 1540 multum
528 1476 690 1539 lucramur
719 1495 758 1537 ex
786 1472 847 1537 hac
875 1473 1014 1537 maxime
1044 1495 1078 1538 rc
1109 1497 1242 1559 perpen-

91 1580 210 1647 denda.
240 1580 365 1648 Contra
387 1581 583 1667 gravissima
602 1585 652 1645 est
671 1579 755 1645 ratio
780 1580 965 1644 lacunarum
986 1582 1242 1666 congruentium,

93 1690 131 1753 in
151 1711 217 1774 qua
240 1689 313 1773 plue
337 1689 493 1773 proficere
517 1709 698 1772 possumus.
727 1687 811 1751 Nam
831 1688 893 1752 etsi
913 1709 971 1752 suo
990 1689 1059 1753 iure
1078 1688 1243 1752 contendit

93 1794 277 1879 Seyffertus
296 1793 564 1878 proficiscendum
584 1816 653 1857 esse
673 1816 691 1856 a
712 1794 835 1858 lacunis
855 1793 975 1877 apertis
995 1798 1091 1877 atque
1110 1794 1144 1858 in
1163 1794 1243 1879 ipsis

93 1902 192 1966 libris
210 1901 372 1984 indicatis,
393 1906 502 1966 tamen
521 1901 582 1966 hoc
602 1901 814 1966 fundamento
834 1901 941 1984 posito
960 1901 1046 1965 ultra
1069 1901 1242 1984 procedere

93 2015 129 2073 et
153 2008 232 2072 licet
255 2010 289 2072 et
312 2011 450 2092 oportet.
479 2008 587 2092 Atque
611 2008 679 2091 ipse
703 2005 879 2090 Seyffertus
903 2010 1031 2089 praeter
1055 2006 1243 2071 ‘solitarias'

93 2113 256 2198 quasdam
278 2114 412 2179 lacunas
435 2114 630 2180 616-620.
655 2115 730 2197 624,
754 2115 828 2179 625.
852 2115 926 2179 629.
951 2113 1145 2179 783-785.
1169 2114 1243 2197 802,

95 2221 172 2287 803.
192 2221 266 2286 813.
285 2221 359 2286 883.
380 2218 510 2307 1012*)
539 2222 804 2287 commemoravit
831 2221 1018 2304 nonnullas,
1042 2220 1080 2284 de
1105 2242 1242 2304 quarum

95 2328 313 2411 congruentia
331 2327 469 2413 cogitari
492 2329 603 2411 possit
638 2326 687 2391 Ex
711 2327 865 2392 solitariis
889 2328 955 2391 illis
975 2349 1054 2410 quas
1073 2326 1156 2390 dixit
1178 2327 1243 2390 iam

94 2434 335 2519 disputavimus
362 2433 402 2497 de
429 2456 458 2498 v.
478 2434 542 2500 783
559 2455 640 2517 sqq,
669 2435 734 2499 802
749 2456 831 2518 sqq„
860 2434 933 2500 883.
976 2433 1040 2498 Vix
1073 2438 1159 2498 recte
1191 2432 1241 2496 vel

95 2540 198 2604 dubia
221 2541 339 2604 saltem
361 2540 487 2605 ratione
511 2540 574 2604 huc
593 2540 752 2605 trahimus
771 2564 799 2604 v.
819 2542 893 2622 813,
916 2540 971 2604 uhi
995 2541 1080 2624 quod
1104 2562 1241 2604 vacuum

97 2647 243 2730 spatium
266 2646 300 2710 in
320 2646 353 2710 B
375 2650 486 2711 extare
510 2652 585 2729 post
607 2648 713 2711 enimse
736 2648 860 2710 dixerat
880 2647 1088 2729 Bitschelius,
1111 2668 1175 2710 non
1200 2647 1244 2709 lu·

96 2774 201 2817 cunae
220 2753 361 2837 spatium
381 2756 444 2837 cst,
463 2753 518 2817 scd
537 2774 694 2836 personae
713 2752 806 2837 (item
822 2757 897 2835 post
910 2774 974 2816 meo
989 2777 1018 2817 v.
1035 2753 1107 2834 745,
1127 2751 1244 2835 dequo

96 2860 185 2922 idem
207 2860 271 2922 iam
287 2857 465 2942 Seyffertus
486 2858 638 2944 notavit).
666 2858 785 2923 Versui
804 2864 911 2923 autern
926 2859 987 2923 etsi
1006 2860 1096 2923 deest
1116 2859 1246 2942 aliquid,

97 2973 211 3030 tamen
231 2964 263 3029 id
282 2969 390 3029 utrum
405 2966 583 3030 abscissum
603 2966 701 3030 fuerit
716 2988 755 3028 an
771 2967 860 3030 velut
873 2967 960 3031 lucsco
975 2970 1050 3050 post
1065 2971 1091 3029 tc
1109 2970 1242 3049 propter

98 3073 284 3138 litterarum
308 3093 339 3136 ce
361 3078 395 3137 et
417 3078 444 3136 tc
466 3073 709 3137 similitudinem
736 3074 900 3154 omissum,
924 3074 985 3137 dici
1009 3074 1131 3157 nequit.
1164 3070 1244 3135 Cum

99 3203 129 3244 v.
160 3179 244 3242 1012
277 3178 401 3243 defectu
434 3181 467 3242 in
500 3180 602 3243 altera
634 3184 727 3263 parte
760 3181 877 3243 senarii
911 3181 1040 3263 signato
1075 3181 1245 3243 cohaerere

97 3290 220 3369 potest,
243 3286 328 3369 quod
353 3287 409 3369 qui
432 3285 707 3350 duodevicesimus
732 3291 782 3350 est
802 3288 842 3350 ab
866 3287 923 3350 illo
948 3286 1166 3372 (intercedunt
1186 3284 1245 3347 XX

98 3392 222 3455 senarii
250 3414 322 3456 cum
351 3413 485 3456 scaenae
515 3393 738 3476 inscriptione)
762 3394 926 3476 inpriore
950 3394 1124 3477 septenarii
1155 3399 1246 3475 parte

98 3501 136 3563 in
160 3498 193 3561 P
214 3498 387 3563 claudicat:
411 3498 497 3563 Mala
519 3501 583 3563 nisi
605 3521 692 3564 aaut
713 3498 716 3583 l
737 3505 772 3563 ut
794 3506 928 3564 melicum
952 3497 1157 3586 (umrurnuuu
1183 3500 1244 3562 col·

99 3607 191 3669 locat
210 3602 271 3691 A):
295 3605 350 3668 uhi
370 3605 422 3669 vix
442 3605 480 3669 de
499 3612 534 3670 ut
556 3607 701 3670 abscisso
725 3611 758 3669 et
781 3606 886 3671 alieno
911 3629 1012 3691 eoque
1036 3605 1247 3689 exquisitiore

98 3712 175 3775 loco
208 3711 357 3794 suppleto
385 3713 608 3794 cogitaverim,
642 3712 695 3776 sed
726 3715 833 3795 potius
864 3713 901 3776 de
930 3713 1086 3777 eiusmodi
1121 3712 1248 3795 supple-

99 3818 223 3881 mentis
248 3819 414 3902 congruis:

142 3927 195 3974 992

130 4000 1249 4074 mmmmr<usoun>suunurusinuamineuunuunnunsroumnuacarrucam

125 4095 195 4142 1012

133 4174 920 4246 ouimsumuuoussnuuosstuunno<naucnn>1nn11uus

103 4278 188 4343 Nam
214 4280 312 4343 etiam
335 4281 368 4343 in
392 4303 421 4343 v.
442 4281 528 4344 1012
552 4282 648 4345 aliam
674 4285 892 4348 recensionem
912 4285 945 4347 A
968 4285 1096 4348 videtur
1120 4286 1247 4346 secutus

100 4408 189 4470 esse,
218 4386 376 4470 siquidem
404 4408 606 4448 murnomrnus
636 4413 761 4454 versum
792 4391 939 4455 claudere
969 4390 1095 4454 videtur
1124 4391 1182 4471 ita,
1214 4393 1249 4452 ut

100 4493 189 4578 quod
224 4494 397 4576 praecedat
429 4495 571 4577 spatium
602 4496 733 4581 reliquis
764 4499 870 4561 verbis
900 4499 934 4560 iu
965 4497 995 4560 P
1020 4498 1155 4561 servatis
1185 4519 1249 4561 non

192 4660 218 4726 *l
250 4659 288 4712 Ex
313 4658 357 4712 hie
375 4676 401 4713 v.
417 4664 468 4712 618
485 4676 525 4727 sq.
545 4663 574 4713 et
593 4665 644 4714 802
660 4680 699 4730 sq.
720 4666 805 4718 etiam
827 4663 997 4716 llitschelius
1021 4681 1106 4732 supra
1130 4681 1248 4717 conunc-

99 4742 275 4794 moraverat:
301 4738 429 4792 adiunxit
452 4741 546 4792 autem
572 4759 595 4793 v.
612 4746 664 4794 804
687 4744 808 4810 (dequo
833 4743 938 4797 dictum
963 4748 1016 4810 eet)
1042 4749 1070 4797 et
1095 4763 1118 4797 v.
1135 4751 1186 4796 844
1201 4764 1250 4813 sq,

100 4820 150 4874 uhi
172 4821 308 4873 maiorem
332 4820 462 4873 lacunam
482 4836 629 4889 perperam
649 4823 763 4890 statuit,
783 4842 844 4876 cum
865 4825 899 4877 de
919 4826 1026 4878 minore
1046 4823 1156 4877 delectu
1177 4824 1251 4877 infra

99 4898 253 4952 dic-endum
273 4898 319 4951 eit.

1001 4995 1035 5042 1,.
