2910 5528
147 364 209 411 xrv
614 337 820 395 PRAEFATIO

149 505 313 586 memoria,
338 504 526 586 saepissime
545 525 617 566 cum
637 503 675 585 B,
698 498 957 583 discrepantibus
977 496 1049 565 OD.
1084 498 1258 565 Dubitaverit

147 612 248 696 igitur
267 611 425 693 quispiam
445 610 508 673 utri
523 609 703 673 recensioni
717 607 946 673 adscribendus
960 606 1110 671 videatur
1126 628 1256 691 essetque

148 719 187 783 de
206 739 266 781 nos
281 738 346 780 non
361 704 555 780 dubitamus.
586 714 680 781 Certe
693 715 793 780 codex
808 714 1031 779 Palatinorurn
1046 714 1209 780 recensioni
1218 714 1256 779 ad·

147 824 335 889 scribendus
354 827 413 905 est,
436 845 501 887 non
515 824 726 907 palimpsesti,
749 822 782 886 id
800 821 886 906 quod
900 843 967 885 non
981 821 1149 907 negaveris
1162 821 1256 886 collutis

149 932 237 995 velut
259 930 405 995 versibus
429 951 467 992 ex
491 952 589 1013 supra
612 929 784 995 allatorum
808 949 943 1001 numero
966 927 1073 993 hisce:
1096 925 1165 992 Cas
1184 926 1257 1008 1115,

152 1039 200 1102 16.
224 1038 255 1120 6,
268 1037 298 1101 9.
326 1036 422 1101 Poen.
441 1037 516 1099 471.
542 1036 636 1100 1033.
663 1037 758 1118 1313,
781 1056 885 1119 neque
904 1034 1257 1119 neglegendaestreccu·

149 1145 249 1210 sionis
272 1142 489 1225 discrepantia
511 1141 608 1207 Poen.
630 1165 660 1207 v.
683 1143 763 1224 530,
790 1154 877 1226 quae'
896 1142 983 1207 inter
1005 1138 1133 1205 TBOD
1154 1145 1185 1204 et
1201 1138 1258 1205 Var-

150 1272 262 1316 ronem
286 1248 481 1331 Festumque
504 1249 683 1313 intercedit.
720 1248 796 1312 Fuit
818 1248 919 1333 igitur
942 1247 1115 1313 Palatinae
1135 1246 1259 1313 mesano

149 1357 199 1422 nis
223 1356 322 1420 codex
341 1356 557 1438 praestantior
571 1360 657 1419 certe
670 1355 781 1419 multis
796 1355 875 1419 locis
890 1389 930 1403 -·
946 1354 1102 1442 quoniam
1123 1357 1260 1420 commta·

150 1485 244 1528 neum
270 1462 308 1526 de
331 1461 470 1545 propriis
492 1462 581 1526 vitiis
605 1461 792 1526 Turnebum
815 1483 882 1527 non
904 1462 1070 1526 rettulisse
1091 1497 1129 1508 -
1148 1458 1261 1547 qum

147 1570 223 1634 libri
247 1569 303 1651 qui
326 1588 412 1632 nuno
433 1573 565 1651 praesto
589 1574 675 1633 sunt.
721 1568 863 1652 Egregie
886 1568 988 1652 igitur
1010 1568 1105 1632 crisis
1126 1566 1263 1633 Plautinae

148 1675 372 1740 difficultatem
392 1675 529 1756 minuet,
553 1675 608 1760 qui
628 1674 762 1739 schedas
782 1673 927 1738 Turnebi
945 1675 980 1738 in
999 1673 1168 1739 recondita
1183 1672 1266 1757 aliqua

148 1780 275 1846 Galliae
299 1779 497 1846 bibliotheca
520 1781 734 1866 indagaverit.

237 1886 381 1952 Turnebi
399 1888 499 1952 codex
519 1893 557 1952 ut
575 1888 747 1973 indagetur
764 1888 835 1952 fieri
850 1908 928 1951 sane
941 1891 1066 1970 potest:
1085 1887 1167 1952 aliua
1182 1888 1268 1950 auten

151 1996 281 2077 eiusque
300 1994 396 2076 plane
415 1994 520 2059 adhuc
538 1994 642 2079 ignoti
661 1994 871 2077 recuperandi
890 2014 965 2078 spes
979 1990 1270 2078 prorsusabiciends

149 2106 221 2164 ost·
262 2100 323 2176 Qui
347 2121 543 2184 quamquam
572 2101 612 2164 ad
635 2100 814 2165 Poenulum
844 2100 924 2164 nihil
952 2100 1110 2184 pertinet,
1136 2099 1194 2165 boc
1217 2099 1271 2164 loco

84 2257 92 2271 .
149 2211 260 2271 tamen
293 2207 477 2289 deperditae
509 2208 559 2271 illi
586 2208 793 2272 membranae
826 2206 994 2271 adiciatur.
1046 2204 1184 2271 Exstitit
1207 2205 1273 2270 enin

149 2336 251 2398 usque
278 2314 319 2377 ad
347 2313 441 2377 huius
469 2313 589 2378 saecrdi
618 2336 645 2378 a.
677 2313 761 2377 1848
789 2312 886 2377 codex
918 2311 1051 2395 quidam
1080 2309 1274 2377 Messanensis

151 2443 234 2486 saec.
252 2419 342 2502 XIII,
366 2421 420 2503 qui
444 2420 567 2502 priores
590 2424 663 2484 octo
684 2419 792 2483 Plauti
815 2418 941 2483 fabulas
961 2418 1160 2483 continebat
1195 2416 1276 2484 Cuius

150 2526 278 2610 quidem
304 2526 423 2590 notitia
444 2524 506 2590 hoc
529 2527 625 2590 modo
649 2526 689 2589 ad
714 2547 775 2590 nos
798 2525 954 2608 pervenit.
992 2522 1076 2588 Cum
1101 2525 1235 2589 enimin
1249 2544 1277 2587 eo

151 2639 238 2698 esset
261 2639 297 2696 ut
311 2632 459 2697 Loewius
483 2632 544 2695 iter
558 2631 709 2696 Italicum
724 2632 857 2696 Poenuli
882 2653 979 2696 causa
1002 2637 1144 2716 pararet,
1166 2632 1280 2696 comibr

151 2740 270 2803 certior
299 2741 405 2803 factus
434 2743 484 2802 est
513 2738 696 2803 aMartino
724 2737 871 2817 Hermio,
899 2742 1026 2801 exstare
1057 2738 1092 2800 in
1122 2736 1280 2802 Benedicti

150 2866 266 2908 norum
281 2845 536 2909 Messanensium
554 2845 751 2909 bibliotheca
764 2844 906 2909 codicem
917 2844 1107 2907 Plautinum
1118 2867 1200 2909 saec.
1210 2841 1281 2925 xlss,

152 2972 246 3034 quem
263 2952 329 3015 suis
343 2953 413 3035 ipse
433 2953 534 3016 oculis
550 2975 577 3016 a.
597 2952 681 3016 1847
697 2952 839 3016 vidisset.
863 2951 932 3015 lam
947 2973 1149 3035 quamquam
1163 2953 1281 3017 multum

151 3057 228 3120 novi
244 3079 280 3119 ex
300 3057 356 3121 illo
371 3058 438 3142 peti
452 3079 547 3140 posse
562 3059 792 3141 probabilitate
806 3060 949 3142 carebat,
972 3059 1178 3123 decrevimus
1191 3065 1280 3124 huten

151 3161 292 3226 codicem
316 3164 516 3247 examinare,
547 3165 710 3228 aemulum
734 3166 873 3229 fortasse
897 3165 978 3247 eius,
1003 3184 1102 3248 quem
1126 3162 1282 3231 Mediolani

149 3292 177 3332 a.
209 3269 293 3333 1818
322 3270 529 3354 repperimus.
582 3271 628 3334 Ut
655 3276 764 3335 tamen
791 3292 977 3336 caveremus
1001 3293 1041 3334 ne
1071 3270 1197 3337 frustra
1221 3272 1281 3337 illuc

150 3376 434 3459 proficisceremur,
459 3401 477 3442 a
501 3377 589 3461 Papa
607 3376 759 3462 Philippo
779 3378 961 3462 Matranga,
984 3378 1148 3460 parrocho
1172 3399 1280 3465 graece

150 3483 309 3547 catholico
338 3483 537 3548 Messanensi
566 3485 769 3549 accuratiora
796 3485 836 3548 de
865 3484 923 3548 illa
951 3483 1159 3549 Messanensi
1188 3486 1280 3551 biblio

104 3583 112 3598 ’
149 3589 244 3652 theca
267 3589 448 3671 petivimus.
499 3589 560 3666 Qui
585 3591 815 3674 quaerentibus
839 3590 933 3655 nobis
957 3590 1148 3656 amabiliter
1172 3612 1279 3677 respon·

149 3695 209 3775 dit,
237 3717 263 3758 a.
291 3695 375 3760 1848
404 3694 481 3780 (hoc
510 3700 559 3758 est
588 3719 673 3761 anno
702 3702 875 3781 postquam
897 3696 1052 3760 Hertzius
1077 3697 1146 3763 illic
1170 3693 1279 3783 aaut

149 3799 271 3863 Placidi
295 3801 396 3865 libros
420 3801 488 3885 igni
513 3802 704 3884 absumptos
724 3824 803 3868 esse.
839 3800 954 3885 ltaque
977 3801 1063 3865 nibil
1088 3827 1178 3870 nunc
1199 3805 1234 3869 de
1252 3821 1279 3865 eo

149 3908 267 3970 scimus
290 3907 353 3970 nisi
377 3929 458 3990 quae
483 3906 634 3972 Hertzius
659 3909 817 3974 enotavit:
856 3903 869 3930 ‘

238 4010 263 4076 0
288 4013 330 4076 23
355 4036 436 4077 saec.
459 4012 548 4079 XIII.
572 4014 614 4079 8⁰.
653 4015 766 4080 Plauti
796 4016 832 4078 in
858 4014 1074 4097 aerptytmne
1096 4018 1209 4100 meroe
1222 4035 1276 4100 prr

149 4118 240 4198 lopus.
278 4117 321 4180 Ic
343 4119 455 4197 sociem
472 4141 584 4185 sternes
607 4126 665 4187 cet.
691 4124 826 4207 [argum.
846 4119 902 4202 11].
921 4119 1080 4204 Explicit:
1103 4124 1217 4190 Plauti
1232 4122 1275 4204 epi
1310 4108 1312 4161 l

148 4224 234 4287 dave
257 4225 379 4306 explebit
1228 4228 1241 4249 ⁵

148 4335 181 4391 et
204 4351 241 4391 ea
265 4352 346 4412 quae
370 4339 445 4398 ante
464 4357 537 4398 eum
552 4359 581 4402 a.
599 4336 684 4400 1834
699 4336 846 4400 Blumius
866 4335 899 4397 in
914 4333 1124 4400 Bibliotheca
1144 4338 1271 4402 librom

147 4436 439 4517 manuscriptorum
464 4441 578 4505 Italica
602 4464 632 4524 p.
656 4443 719 4507 227
745 4464 783 4505 ex
806 4440 935 4506 schedis
955 4440 1154 4529 Goettlingii
1176 4439 1270 4508 attulit
