2910 5528
522 1086 927 1187 ADDENDVMff

242 1390 289 1453 Do
310 1390 526 1473 discrepantia
545 1389 577 1452 in
598 1389 788 1453 correcturis
809 1410 847 1452 ex
867 1387 900 1451 B
919 1409 1016 1471 supra
1035 1387 1300 1451 commemoratis

152 1499 257 1562 denuo
288 1495 352 1560 adii
382 1501 498 1560 testem
526 1495 814 1579 locupletissimum
840 1496 1033 1559 Avuvsrvrr
1056 1492 1222 1577 titvlvm,
1246 1494 1299 1578 qui

155 1628 218 1689 qua
242 1604 325 1668 solet
347 1603 498 1668 comitate
522 1602 670 1686 precibus
694 1603 866 1666 obsecutus
890 1607 947 1666 est.
988 1602 1036 1666 Ac
1061 1601 1204 1684 primum
1232 1601 1301 1684 qui·

156 1711 228 1774 dem
251 1734 280 1774 v.
301 1710 364 1774 784
380 1732 440 1793 sq,
469 1710 523 1773 ubi
551 1709 626 1790 puis
640 1714 673 1772 et
701 1707 806 1790 fidelis
826 1707 982 1772 vocabula
1009 1706 1253 1771 Studemnndus
1281 1729 1299 1771 a

152 1816 207 1880 Bb
236 1817 357 1900 scripta
384 1837 454 1880 esse
483 1815 563 1879 dixit
592 1816 732 1899 itemque
762 1838 789 1878 v.
809 1815 874 1879 844
897 1820 930 1878 et
953 1813 1031 1897 865,
1061 1814 1116 1877 ubi
1147 1813 1234 1878 idem
1261 1813 1299 1877 de

151 1924 214 2003 nisi
246 1944 322 1987 voce
356 1920 409 2005 (cf.
434 1945 464 2006 p.
484 1921 578 2004 XIII)
608 1925 640 1985 et
668 1921 706 1985 de
738 1922 768 1986 to
802 1921 928 2004 syllaba
956 1921 1137 2003 contendit,
1170 1919 1298 1985 Meuius

152 2028 283 2114 scripsit
305 2030 338 2093 in
362 2028 414 2093 his
441 2029 623 2092 litterarum
648 2028 785 2092 formam
814 2028 979 2111 paululum
1005 2028 1166 2092 diversam
1190 2026 1300 2111 videri,

152 2138 369 2198 atramentum
404 2156 468 2199 non
500 2134 642 2198 differre:
671 2156 769 2218 quare
797 2156 869 2198 cum
901 2155 1102 2218 nequaquam
1137 2136 1298 2199 constanti

152 2242 310 2324 scriptura
333 2240 392 2306 Ba
414 2242 487 2325 ipsa
511 2245 633 2323 utatur,
660 2239 722 2305 dici
745 2263 811 2305 non
833 2262 928 2323 posse
953 2240 1048 2305 aliam
1073 2262 1206 2306 manum
1230 2263 1296 2305 esse

152 2369 248 2430 seque
278 2348 338 2411 has
372 2349 547 2431 scripturas
577 2347 699 2430 primae
728 2347 883 2430 tribuere,
911 2347 972 2411 etsi
1002 2347 1204 2411 contrarium
1234 2369 1297 2411 nou

152 2477 284 2537 prorsus
313 2455 437 2519 excludi
467 2455 580 2539 possit.
623 2453 706 2518 Dein
730 2477 758 2518 v.
778 2455 843 2519 883
867 2454 921 2518 ubi
949 2475 1053 2537 orpora
1082 2454 1205 2519 habent
1228 2454 1297 2535 OD,

150 2568 267 2644 terpora
294 2560 342 2644 B,
374 2561 477 2644 ipsam
503 2561 563 2625 Bu
593 2558 744 2646 dorpum)
775 2559 956 2644 scripsisse,
983 2560 1039 2625 Bb
1072 2557 1220 2648 derprrra)
1250 2583 1294 2624 re·

151 2668 319 2751 scripsisse
347 2667 436 2732 vidit.
479 2667 571 2743 Quod
594 2688 670 2731 vero
700 2667 739 2729 ad
770 2666 912 2731 diversas
936 2671 1154 2731 correctorum
1183 2690 1295 2732 manus

149 2774 326 2858 pertineat,
354 2774 581 2838 difficillimum
605 2795 676 2838 esse
705 2772 933 2857 negotiumue
960 2795 1062 2856 paene
1090 2773 1294 2857 desperatum

149 2879 300 2964 affirmat,
324 2880 350 2944 si
375 2881 446 2964 quis
466 2879 521 2944 Bb
544 2883 577 2944 et
601 2880 654 2945 Bo
676 2880 876 2964 distinguere
901 2879 987 2961 velit,
1009 2883 1046 2943 ut
1069 2880 1139 2962 ipse
1164 2881 1294 2963 nesciat,

151 2987 311 3069 quomodo
336 2988 413 3051 olim
443 2986 623 3050 discerncre
652 2986 821 3050 studuerit.
862 2985 947 3050 Nem
971 2985 1020 3049 vel
1043 2987 1153 3069 plures
1183 3009 1292 3051 manus

149 3093 248 3155 statui
277 3115 383 3175 posse,
408 3093 462 3157 sed
491 3115 619 3156 omnem
652 3092 891 3157 distinctionem
926 3093 1058 3157 turbare
1092 3093 1202 3175 potius
1235 3093 1291 3157 lec·

148 3204 243 3261 toros.
274 3196 364 3260 Vnde
385 3199 502 3262 rectius
522 3198 577 3262 Bu
597 3200 764 3283 sIgnentur
783 3220 893 3263 omues
913 3205 1115 3264 correcturae
1139 3200 1287 3282 antiquae

150 3324 186 3366 ac
210 3307 279 3366 tum
304 3302 430 3366 demum
455 3304 509 3368 Bc
538 3305 741 3384 adhibeatur,
766 3304 946 3389 siquando
972 3311 1158 3371 correctura
1188 3328 1288 3390 super·

148 3408 258 3473 addita
281 3410 324 3473 sit
347 3415 548 3475 correcturae
572 3410 625 3497 (cf.
648 3409 730 3478 Mil?
754 3413 851 3496 praef.
875 3437 905 3497 p.
924 3411 995 3495 lx).
1106 3394 1109 3399 ¹

239 3603 264 3670 *)
284 3601 454 3672 Corrigenda
473 3604 610 3669 quaedum
630 3604 725 3658 videas
745 3623 771 3673 p.
788 3604 895 3658 XLVII.
