2910 5528
59 750 200 799 lli-192
540 740 726 796 APPENDIX
1140 741 1203 805 163

1076 818 1093 849 0

52 905 245 977 1178411111
269 906 303 960 de
325 903 414 975 Corgo
439 905 575 974 copitabat
599 901 809 971 Fleckeisenus).
847 902 887 969 Cf.
915 902 1065 973 Laupenus
1089 903 1200 959 ‘Bcitu’

55 1004 83 1055 p.
101 989 162 1041 239
180 990 207 1041 ct
223 985 350 1040 Baebius
367 987 399 1039 in
417 985 538 1040 Studem.
554 983 636 1040 Stra.
656 984 696 1036 II
709 1001 739 1053 p.
759 988 825 1037 280.
846 1013 878 1022 -
898 998 951 1053 ego
973 985 1100 1052 proiecto
1120 984 1203 1039 hodie

57 1064 148 1134 aliqui
167 1065 352 1121 Camerarius.
390 1082 443 1136 ego
467 1067 521 1121 hoc
544 1063 590 1119 die
614 1063 703 1132 aliqui
721 1064 848 1118 Botbius.
885 1062 968 1116 hodie
993 1063 1082 1131 aliqui
1103 1065 1204 1119 merito

56 1147 89 1200 irs
105 1144 171 1200 eta.
192 1143 224 1199 st
242 1146 370 1216 ‘exempli
390 1163 490 1201 causa:
512 1146 569 1200 nisi
587 1146 620 1198 ut
637 1143 763 1197 merits’s
781 1142 884 1197 males'.
922 1159 974 1211 ego
992 1143 1097 1197 hodicd
1116 1143 1204 1213 aliqui

57 1229 92 1294 (ct
114 1231 201 1281 auec
223 1225 298 1296 Erga
322 1226 376 1281 hoc
399 1227 446 1296 ab)
468 1228 540 1281 idem
558 1225 629 1280 Nor.
648 1241 702 1278 eece.
723 1223 768 1276 Pr.
788 1224 809 1276 I
821 1240 851 1292 p.
870 1228 917 1290 90,
943 1225 1101 1292 improbans
1121 1225 1204 1279 hidis

55 1322 230 1374 massuram,
254 1322 324 1376 auae
342 1307 454 1377 placuit
477 1306 592 1361 Crainio
615 1305 695 1359 seua.
717 1304 761 1357 Pl.
777 1322 807 1373 p.
827 1309 854 1371 5,
880 1303 1056 1370 Bueclreiero,
1079 1306 1116 1358 al.
1153 1321 1206 1374 ega

56 1385 175 1443 hocedie
200 1385 291 1455 aliqui
317 1386 457 1457 Berpkius
480 1385 597 1441 ‘Beitr’
618 1401 648 1453 p.
668 1390 714 1439 86.
758 1383 817 1438 Vno
845 1385 902 1438 loco
929 1383 1060 1450 aefectum
1088 1390 1207 1440 statuere

59 1467 152 1522 malui
168 1472 276 1522 serrato
293 1465 385 1522 hodie.
429 1467 497 1520 Vide
510 1466 600 1535 praes.

151 1552 212 1602 ite.
231 1550 261 1602 ts
274 1545 358 1601 istem
371 1547 522 1601 Bentleius.
546 1545 638 1601 Possis
652 1543 699 1599 ted
714 1545 786 1598 hanc
798 1545 913 1599 aucibns
929 1545 990 1598 CI).
1020 1543 1061 1612 Cf.
1079 1547 1208 1602 Moluius

57 1629 91 1683 de
108 1627 196 1683 iamb.
213 1631 280 1696 sept.
295 1644 326 1696 p.
343 1630 388 1682 24.

151 1713 213 1761 116.
231 1705 346 1776 quidem
364 1709 395 1760 tu
419 1723 479 1761 cum
506 1706 561 1759 CD
580 1706 716 1760 Lucbsius
739 1712 875 1761 commeent.
891 1707 1001 1776 prasod.
1024 1706 1044 1759 I
1056 1724 1086 1775 p.
1106 1711 1207 1762 21111

57 1790 93 1856 es.
112 1787 267 1857 Seyffertus
289 1787 375 1842 Burs.
398 1786 503 1841 Arnai.
527 1785 648 1840 LXIII
662 1803 692 1855 p.
714 1790 733 1839 8
755 1787 826 1854 (ride
848 1787 948 1841 ibidem
973 1785 1097 1840 XLVII
1117 1806 1148 1857 p.
1170 1791 1207 1843 25

57 1869 287 1936 1153111111).

152 1952 215 2002 111.
232 1946 275 2002 Ea
294 1947 384 2004 mauis
402 1965 464 2005 cum
482 1947 509 2000 Z
524 1948 674 2002 Bentleius.
702 1946 763 2001 Eho
778 1949 787 2017 ΙΙ
800 1947 844 2001 An
863 1946 955 2002 mauis
970 1946 1012 2002 'Rs
1031 1949 1080 2002 nbi
1097 1949 1157 2002 Eho
1173 1966 1207 2002 rm

57 2030 143 2082 etiam
171 2027 324 2098 Seyffertus
347 2029 479 2100 portum.
517 2028 559 2096 Cf.
578 2027 725 2082 Riebterus
751 2029 783 2080 iu
808 2027 926 2082 1111111111.
954 2028 1032 2083 Seue.
1056 2029 1077 2080 I
1098 2046 1128 2099 p.
1148 2035 1208 2083 413.

58 2107 139 2174 Quae
158 2107 251 2163 mauis
269 2109 393 2166 Hineius
410 2109 444 2164 de
457 2109 561 2178 partie.
580 2119 621 2158 nrt
634 2125 665 2176 p.
688 2106 771 2160 VIII
786 2108 862 2172 actm,
879 2108 936 2162 nisi
954 2106 1038 2161 nimis
1110 2108 1211 2162 mulier

59 2191 252 2245 Praesumo
268 2192 411 2246 continues
428 2189 664 2259 (perversissime).
698 2187 768 2241 Mau
787 2185 874 2240 malui
891 2203 943 2256 pro
961 2189 1037 2241 malo
1054 2190 1209 2245 Acidaliae.

154 2275 215 2326 180.
234 2269 352 2340 culpari.
377 2271 425 2324 ain
453 2271 536 2341 (ΓΖ)
558 2270 668 2340 placuit
693 2267 873 2322 Lacbmanno
901 2269 933 2322 in
957 2267 1080 2337 Propert.
1099 2285 1128 2337 p.
1148 2274 1209 2323 113.

58 2351 173 2422 culpari
191 2354 223 2405 et
240 2351 392 2406 Bentleins.
411 2382 444 2391 -
465 2352 536 2412 ulios
555 2367 647 2404 meam
667 2347 789 2417 speeiem
810 2347 939 2419 Pylades.

154 2437 216 2486 181.
244 2431 314 2486 mihi
333 2431 391 2485 dici
410 2430 439 2484 st
457 2448 518 2486 arm
536 2432 641 2502 Pylade
660 2430 777 2498 aliisque
797 2430 889 2496 (etiam
908 2428 1086 2483 laelrmanno
1107 2429 1124 2483 i.
1138 2447 1159 2485 s.
1175 2446 1210 2485 s..·

58 2513 108 2566 sai
128 2511 188 2565 dici
206 2510 276 2565 mihi
294 2513 443 2582 corripente
457 2529 488 2581 p.
503 2515 583 2579 412):
601 2512 635 2577 cs.
656 2510 693 2564 ael
712 2527 735 2562 r.
757 2513 801 2563 75.

155 2595 216 2644 183.
235 2589 371 2645 emerim?
389 2608 450 2646 cum
471 2590 577 2661 Capeto
596 2591 625 2644 'It
643 2591 780 2656 refutante
799 2589 951 2644 Luebberta
971 2589 1048 2644 Seue.
1064 2591 1212 2658 prorum]

56 2689 86 2740 p.
102 2675 150 2726 77.
170 2676 218 2737 79,
236 2670 381 2738 Larenmo,
404 2672 542 2741 Vssin-pio,
561 2672 596 2726 al.
631 2674 740 2722 amem?
759 2669 903 2738 Kayscrus
921 2670 1025 2723 Annal.
1041 2670 1211 2740 Heidelberp.

63 2752 199 2805 XLVII
213 2769 243 2820 p.
264 2756 318 2806 ert
338 2756 362 2804 ct
381 2751 478 2804 LXII
494 2770 521 2820 p.
542 2756 594 2804 341
614 2752 745 2805 adiuncto
760 2750 845 2817 quid?
866 2767 904 2813 eu,
917 2767 996 2803 uersu
1010 2752 1147 2818 proxima.

155 2837 217 2886 184.
237 2829 328 2895 Quia?
346 2830 435 2885 istaec
454 2846 508 2898 ms,
527 2829 557 2884 id
575 2847 624 2883 cur
639 2831 773 2883 Gruterus
787 2830 860 2895 (item
875 2830 932 2884 Lea
951 2830 1058 2885 Vinelic.
1074 2831 1117 2884 Pl.
1128 2849 1158 2900 p.
1175 2833 1212 2899 9).

61 2912 137 2979 Quid
158 2912 202 2964 its
219 2913 289 2964 haec
308 2927 365 2978 mc,
390 2929 439 2965 cur
458 2912 618 2964 Lambinus.
652 2909 743 2975 Quid?
764 2909 821 2962 ‘ita
840 2910 909 2963 haec
927 2911 983 2963 me’
1004 2928 1074 2978 quor
1092 2910 1213 2965 1111111-

59 3011 123 3063 que,
141 2993 190 3046 sed
208 2991 238 3044 id
257 3008 327 3060 quor
346 2990 498 3045 Muellerus
519 2990 657 3045 ‘Nacbtr.'
671 3008 700 3058 p.
715 2997 750 3046 2:
768 2991 818 3043 ubi
838 2989 892 3042 ‘ita
910 2992 940 3043 tu
959 2989 1056 3042 istum’
1077 2996 1213 3060 suspecta·

59 3075 142 3128 aeris.
183 3071 254 3126 Vide
272 3072 309 3126 aet
327 3088 351 3125 r.
370 3074 435 3126 183.

157 3156 217 3208 185.
238 3152 361 3218 Versum,
379 3169 455 3222 quem
471 3152 516 3205 ‘eu
530 3152 741 3221 interpolatione
762 3153 901 3220 irrepsisse
913 3152 984 3206 uidit
999 3151 1214 3222 Fleckeisenus’,

66 3233 216 3302 Vesinpius
232 3231 402 3298 vindicabat,
419 3229 497 3284 Perit
513 3229 586 3285 istuc
601 3232 676 3299 quod
690 3249 821 3301 reponens
835 3233 972 3299 refutante
987 3232 1120 3304 Lanpcuo
1134 3234 1213 3288 Seue.

63 3315 108 3369 Pl.
125 3330 157 3382 p.
178 3315 242 3367 331.
274 3310 369 3379 Periit,
390 3311 464 3379 quod
484 3309 540 3363 ium
555 3312 738 3379 promiseram
752 3311 818 3365 tibi:
838 3313 911 3366 dona
930 3313 1078 3381 perdidisti
1095 3315 1215 3384 Pylades

64 3394 185 3449 Merula
208 3393 275 3446 duce
297 3397 322 3446 et
346 3391 375 3445 id
400 3390 475 3459 quod
494 3408 548 3459 pro
567 3391 642 3459 qaod
668 3391 725 3445 ium
742 3393 907 3447 substituens
929 3392 1063 3448 Gruterus
1083 3396 1168 3462 (quad
1186 3413 1214 3465 p.

62 3474 120 3527 tibi
139 3472 259 3541 donum,
277 3491 304 3542 p.
326 3472 533 3527 I'aubmannns.
570 3475 640 3539 quot
660 3490 687 3540 p.
706 3476 725 3527 t.
746 3471 832 3541 dona,
856 3492 883 3541 p.
904 3473 1096 3530 Fleckeisenus
1114 3475 1215 3532 Exere.

158 3636 347 3701 1811111111,
370 3636 429 3687 tum
454 3633 567 3688 doctam
591 3635 620 3686 te
640 3636 669 3687 et
691 3635 909 3689 benecdictum
932 3636 1119 3705 Camerarius,
1142 3638 1215 3693 Her-

63 3731 187 3769 maunns
206 3714 293 3770 Elem.
312 3715 398 3768 doctr.
417 3719 491 3768 metr.
507 3732 537 3783 p.
553 3718 617 3782 133,
635 3713 763 3769 Kloteins
777 3733 807 3784 p.
824 3721 867 3769 75.
905 3721 967 3770 este
989 3719 1018 3770 11
1038 3718 1166 3772 eductam
1186 3720 1216 3773 11

64 3803 126 3850 um
151 3793 224 3849 bene
248 3794 361 3849 doctam
384 3795 510 3849 Botbius.
549 3797 654 3861 catam,
678 3798 737 3848 tam
761 3794 874 3849 doctam
898 3798 927 3850 11
947 3795 1018 3850 bene
1037 3798 1066 3850 11
1086 3797 1216 3850 eductam

64 3874 111 3943 (R,
136 3873 345 3944 Flecber'semrs,
369 3874 519 3928 Beutleius.
557 3877 664 3941 1111111,
689 3879 749 3928 tam
776 3879 884 3929 coelem
907 3880 936 3928 te
961 3880 989 3930 11
1012 3876 1082 3929 bene
1105 3876 1216 3930 doctam

65 3955 218 4024 Seyffertus
236 3956 302 4010 olim
317 3956 419 4009 Pbiloi.
432 3954 568 4007 XXVII
575 3973 602 4023 p.
615 3959 669 4009 453
687 3958 857 4025 improbante
877 3957 1010 4010 Muellero
1025 3973 1055 4024 p.
1071 3961 1128 4010 387
1151 3958 1215 4009 adn.
1286 4020 1293 4035 .

64 4038 170 4103 catam,
191 4037 251 4089 tum
270 4040 382 4090 cautam
402 4037 430 4088 ts
450 4036 565 4089 111111.
586 4037 706 4090 Briuius
726 4038 830 4090 Annal.
845 4037 938 4103 philol.
959 4035 1099 4088 CXXXI
1113 4053 1139 4103 p.
1154 4042 1217 4090 193.

161 4121 220 4169 187.
241 4114 304 4167 Non
330 4114 447 4168 stultum
476 4132 536 4168 cunr
561 4117 589 4169 B
607 4134 692 4185 rnarp.
714 4117 901 4182 Camerarius,
927 4118 1069 4169 Beutleias
1091 4118 1123 4170 ia
1146 4117 1217 4171 Hor.

66 4196 153 4248 Serui
177 4193 218 4248 Π
238 4197 265 4260 3,
288 4199 353 4249 158.
394 4193 486 4249 Istaec
511 4197 569 4249 tum
601 4197 745 4267 Vssinpius
771 4199 843 4250 olim.
886 4197 966 4249 Nunc
992 4194 1047 4248 ista
1075 4195 1219 4250 Palmerus

66 4275 215 4330 Hermatlu
235 4274 289 4328 XI
303 4293 333 4346 p.
354 4280 416 4330 313.

161 4357 221 4410 188.
250 4354 366 4409 Ecastor
395 4356 578 4409 Camerarius.
622 4356 692 4409 Tum
721 4360 830 4411 ecastor
858 4356 1014 4409 Acidaliae.
1042 4385 1074 4393 —
1104 4356 1219 4424 expetas

67 4438 178 4492 Dousa.
215 4440 331 4505 exoptes
353 4435 383 4490 tt
409 4454 470 4492 cum
493 4436 637 4490 Acidalio:
665 4437 742 4501 ates.
770 4436 917 4503 Scioppius
936 4433 1017 4502 Susp.
1038 4436 1094 4488 lect.
1116 4438 1136 4487 I
1143 4436 1219 4491 Ver

66 4520 218 4587 scitiusque
235 4518 365 4573 iudicans
384 4517 548 4573 Crarwoius.
587 4517 629 4583 Cf.
649 4516 799 4584 Lanpenus
819 4515 896 4569 Stud.
919 4514 963 4568 Pl.
979 4533 1009 4583 p.
1030 4519 1066 4570 57
1075 4533 1113 4584 sq.

161 4599 403 4667 molismense,
426 4615 483 4653 non
505 4598 660 4652 meretricis
684 4598 728 4650 est
751 4594 781 4648 ‘ii
803 4613 864 4649 cum
885 4595 998 4665 Cuprto.
1038 4596 1078 4662 Cf.
1098 4598 1219 4652 Brinins

68 4677 107 4732 ad
126 4676 191 4731 Mil.
211 4682 276 4733 187.
296 4709 330 4719 -
350 4696 405 4733 nan
424 4677 605 4733 meretricum
624 4680 771 4731 estunam
789 4677 875 4730 unii.
895 4695 920 4731 a.
941 4676 1123 4732 Camerarius.

162 4762 222 4811 192.
242 4776 287 4813 ms
306 4775 403 4813 omnes
420 4766 518 4815 caretro
538 4761 685 4815 Craiuium
705 4758 805 4812 Pbrlol.
823 4758 905 4812 XIV
918 4776 948 4827 p.
962 4761 1026 4823 213,
1044 4758 1220 4826 Larentiam,

71 4839 142 4894 alias
164 4843 229 4908 past
256 4838 460 4894 I'leellersenum
488 4843 594 4895 Anuai.
610 4841 707 4909 philol.
727 4838 877 4893 LXXIII
890 4857 920 4908 p.
940 4844 997 4893 est
1022 4839 1089 4907 (iam
1115 4840 1151 4894 Di
1176 4858 1221 4894 me

955 4928 1008 4981 11*
