2910 5528
871 40 890 107 1.

984 161 1036 171 —ae’

156 238 216 259 lv,

151 767 296 818 ees-sss
635 759 821 815 APPENDIX
1237 758 1301 837 175

241 929 296 979 346
310 939 350 993 sq.
374 922 464 977 Verba
479 921 564 987 Quid.
575 965 582 978 .
593 965 600 976 .
611 937 687 978 .mea
700 938 759 975 uua
772 938 833 975 eum
850 939 874 976 6.
889 925 943 975 345
962 922 1152 978 Peribimus
1167 921 1304 976 tribuebat

153 1004 347 1068 Camerarius,
364 1004 446 1058 aerbo
466 1000 540 1066 Quid
554 1044 561 1056 .
573 1045 579 1057 .
591 1044 616 1058 ..
630 1004 730 1071 postea
748 999 884 1056 11666616
902 1002 1063 1072 6666961166
1082 1002 1100 1055 l.
1118 1019 1139 1056 s.
1159 1018 1180 1057 s.
1199 1003 1235 1071 (e.
1249 1005 1303 1056 346

154 1091 179 1138 et
195 1085 306 1154 rdiqua
321 1083 529 1151 Personam),
547 1083 639 1137 eaden
652 1081 790 1136 Desino
808 1083 950 1135 continuat
967 1080 1110 1151 Vssinpius
1129 1083 1214 1136 deleta
1231 1097 1302 1135 meu.

153 1165 192 1218 Ar
214 1165 336 1230 sonasse
357 1163 458 1217 reetiue
475 1160 666 1217 Pusaeusrro
687 1160 860 1228 tribuuntur,
874 1163 1035 1229 praesertim
1053 1178 1114 1216 eum
1132 1179 1196 1215 mes
1221 1162 1304 1231 (quad

154 1243 221 1298 Cist.
240 1244 305 1311 I1,
324 1245 359 1297 61
384 1247 409 1296 et
429 1241 505 1295 Pers.
530 1244 586 1294 764
608 1242 690 1294 meris
717 1241 855 1294 erroribus
877 1242 998 1310 debaur)
1020 1242 1074 1296 Ad.
1094 1246 1154 1298 289
1178 1245 1203 1295 et
1226 1239 1304 1294 Eun.

155 1327 212 1376 664
236 1324 342 1390 sentina
364 1322 440 1375 dieat
461 1320 589 1386 feminae.
607 1349 641 1358 -
662 1318 718 1372 Per
736 1320 817 1374 66666
835 1320 897 1389 Age
919 1323 952 1375 tu
970 1320 1083 1375 interim
1101 1327 1200 1391 septen.
1219 1321 1303 1375 troeb.

155 1403 336 1457 concludebat
353 1400 396 1469 u,
415 1402 479 1455 dein
497 1416 558 1454 eum
577 1400 738 1453 Hermanno
758 1398 801 1453 Dii
820 1399 876 1455 eila
895 1400 931 1455 ub
950 1399 1070 1470 Delphis
1089 1402 1234 1468 traiciens,
1256 1403 1305 1454 ubi

156 1481 200 1536 Du
218 1481 257 1535 ab
272 1481 395 1551 Delphis
414 1481 471 1535 aito
490 1480 651 1551 Spenpelius
666 1478 753 1545 ‘lter’
765 1497 795 1548 p.
811 1485 845 1534 51
860 1496 898 1548 sp.
917 1481 1009 1550 (aliter
1023 1480 1197 1534 Sebenlrelius
1215 1482 1233 1535 i.
1247 1498 1268 1535 6.
1283 1497 1304 1535 6.

151 1579 182 1631 p.
197 1568 235 1618 46
253 1561 345 1633 [662]
357 1563 417 1631 sp).
443 1560 484 1614 Ae
501 1560 538 1626 ef.
556 1560 763 1613 Studemuudus
783 1558 922 1626 ‘Zsebnfi
939 1560 1049 1632 Cpnn!
1066 1559 1188 1614 XVIII
1199 1578 1229 1629 p.
1241 1563 1306 1626 667,

155 1643 205 1696 ubi
226 1659 253 1698 o.
268 1646 320 1696 347
345 1640 510 1695 Reieianum
536 1655 589 1694 esee
614 1640 685 1693 uidit
711 1641 835 1708 (pessime
857 1657 881 1694 6.
897 1647 949 1694 346
973 1642 1111 1696 dimensus
1134 1641 1306 1711 vituperante

156 1721 261 1776 Bri'eeio
287 1721 394 1776 Annal.
417 1720 516 1789 pbilol.
545 1718 621 1773 XCI
645 1737 674 1788 p.
694 1720 751 1788 66).
787 1719 867 1774 Adae
894 1719 1037 1774 Kloteium
1060 1736 1091 1788 p.
1111 1723 1176 1774 521.
1199 1723 1254 1775 639
1280 1725 1305 1773 et

154 1803 217 1855 ride
230 1802 323 1872 praef.

248 1887 310 1936 361.
343 1881 418 1935 salue
440 1879 524 1935 nobis
546 1881 629 1933 etiam
652 1878 796 1933 Bentleius
819 1878 857 1933 ad
878 1879 938 1934 Ter.
957 1879 1034 1934 Eun.
1054 1880 1122 1946 Ve,
1142 1885 1187 1935 18.
1223 1877 1304 1933 uobis

157 1961 240 2016 Salus
258 1962 420 2030 Kaemprius
438 1961 471 2015 de
485 1976 566 2030 pron
578 1977 608 2028 p.
618 1963 662 2013 41.
688 1958 730 2025 Cf.
745 1960 894 2030 Lanpenus
910 1960 1024 2015 ‘Belin'
1037 1977 1065 2030 p.
1078 1964 1126 2026 45,
1140 1960 1256 2014 Blasius
1274 1961 1307 2014 de

154 2042 226 2096 mod.
242 2047 322 2108 lensp.
333 2045 450 2109 permut.
461 2057 491 2108 p.
506 2043 544 2094 42
554 2055 592 2108 sp.
604 2069 637 2078 -
653 2039 685 2092 V.
696 2045 747 2093 352
763 2039 807 2093 lta
821 2038 909 2094 ultum
925 2039 1024 2094 erroris
1039 2044 1164 2094 mantem
1178 2040 1304 2111 Pylades.

244 2125 306 2175 367.
338 2119 388 2187 qui
411 2119 496 2173 trium
524 2136 699 2174 nummorum
725 2121 785 2188 (del.
805 2119 906 2187 hastis)
935 2120 1091 2175 Saracenue
1117 2120 1306 2190 Lambinoque

154 2203 224 2256 duae
247 2201 396 2255 Acidalius
416 2200 562 2268 recipiente
584 2201 616 2253 in
639 2201 679 2254 ed.
699 2197 736 2252 dl.
776 2198 818 2267 Cf.
838 2200 959 2255 Briaius
981 2203 1019 2254 ad
1044 2200 1221 2256 Trin.³152.
1241 2204 1307 2266 844,

155 2281 309 2351 Lanpenus
329 2279 440 2334 ‘licitu'
456 2297 487 2349 p.
502 2285 547 2334 70.
565 2285 633 2346 218,
652 2277 790 2333 Christius
807 2280 914 2334 Annal.
929 2281 1027 2349 pbilol.
1046 2279 1168 2334 XCVII
1177 2297 1206 2349 p.
1221 2283 1283 2334 349.

247 2365 308 2415 366.
340 2359 395 2414 Vbi
413 2357 464 2414 6111
482 2358 531 2428 qui
549 2358 752 2414 dindimenaeis
778 2365 814 2426 tet
837 2360 937 2426 solent)
957 2360 1035 2414 Pius.
1064 2358 1121 2413 Vbi
1139 2360 1188 2428 qui
1206 2358 1303 2427 dindy-

156 2440 265 2494 meueis
287 2439 416 2509 Pylaia.
454 2439 509 2493 Vbi
533 2439 620 2508 aliqui
643 2439 792 2507 quindenis
820 2440 1001 2495 Generatim.
1038 2439 1092 2494 Vel
1117 2441 1306 2509 ubiquumque

156 2522 239 2576 denis
258 2519 288 2575 u
311 2521 483 2587 dubitanter,
504 2520 622 2574 addens:
642 2519 714 2573 ‘Vbi
732 2520 883 2588 aliquando
907 2521 987 2574 denis
1010 2538 1059 2577 nee
1079 2522 1246 2577 Plautinum
1267 2526 1307 2575 est

154 2619 205 2658 nee
224 2619 285 2656 aem
305 2598 378 2656 solet
396 2600 470 2655 eoit’.
498 2598 552 2653 Vel
570 2599 620 2653 6111
638 2601 686 2668 qui
706 2599 785 2654 denis
804 2603 839 2668 (et
857 2602 958 2668 solent)
977 2603 1106 2674 Buppius
1124 2603 1191 2657 duee
1208 2601 1263 2655 Pia
1282 2607 1307 2655 et

155 2682 298 2752 Scalipera
317 2683 377 2751 (qui
395 2679 445 2733 6111
459 2678 508 2749 qui
526 2681 692 2749 adscripsit).
718 2680 770 2734 Vel
790 2680 840 2733 alii
855 2681 956 2749 quibus
976 2681 1055 2736 denis
1075 2683 1305 2747 consummabat,

154 2781 213 2817 non
231 2762 435 2818 eomnundabat
450 2761 602 2814 Muellerus
619 2762 725 2815 Annal.
739 2761 834 2829 pbilol.
850 2761 1032 2816 LXXXIII
1041 2781 1070 2831 p.
1084 2767 1146 2817 271.
1171 2761 1305 2829 Patibuli,

155 2862 243 2912 quum
267 2842 347 2897 denis
371 2839 825 2911 1166616Β6666166661661.6.6.
858 2841 913 2894 Vbi
937 2842 985 2911 pol
1005 2843 1105 2911 auique
1130 2842 1209 2897 denis
1229 2843 1306 2895 Lan-

154 2941 243 2995 penus
259 2941 288 2991 p.
304 2928 349 2977 76.
381 2920 439 2974 Vbi
457 2920 586 2974 alicunde
609 2924 650 2975 ael
669 2920 721 2974 Vel
745 2919 840 2990 aliquo
859 2923 931 2976 uude
955 2922 1036 2977 deiris
1055 2924 1174 2977 Ellisius
1195 2923 1306 2976 ‘Journ

155 3005 189 3069 ol
200 3003 312 3072 pbilol!
334 3002 425 3056 XIII
439 3019 470 3071 p.
486 3006 547 3055 165.
572 3000 624 3055 Vel
644 2999 832 3070 ubiquumque
852 3001 979 3072 abiegnis
998 3003 1055 3057 Leo
1074 3001 1167 3058 Herm
1189 2999 1310 3055 XVIII

153 3102 183 3153 p.
199 3089 262 3138 569.
291 3082 348 3137 Vbi
366 3080 512 3137 secedenti
531 3079 624 3134 densis
647 3080 792 3151 Vssinpius
812 3081 861 3136 ‘ad
878 3083 1060 3139 sente-ntiam’.
1089 3082 1187 3136 Totum
1210 3100 1234 3136 6.
1254 3081 1306 3137 del.

156 3165 418 3219 donaensebeinius.

245 3248 309 3297 360.
338 3241 489 3312 affiguntur
509 3240 689 3295 Camerarius.
719 3240 761 3307 Cf.
781 3242 898 3310 Lipsius
916 3243 949 3295 de
967 3258 1045 3297 eruce
1064 3244 1106 3295 II
1123 3247 1189 3296 7.9.
1206 3246 1249 3306 10,
1269 3240 1305 3294 al.

248 3328 310 3378 3611.
338 3322 392 3376 Sed
411 3337 463 3391 636
483 3336 580 3375 sumne
597 3319 697 3374 infelix
715 3322 797 3375 etiam
815 3323 964 3377 Bentleius.
992 3323 1047 3375 Sed
1066 3339 1161 3376 sumne
1182 3338 1234 3389 636
1253 3319 1304 3374 1116

156 3403 258 3458 infelix
275 3404 396 3458 Briuius
414 3403 519 3456 Annal.
534 3401 632 3470 philol.
653 3400 791 3455 CXXXI
803 3421 834 3471 p.
850 3407 905 3457 196
920 3405 1055 3471 probante
1074 3403 1224 3473 Kaempfio.
1253 3399 1307 3453 Sed

156 3501 213 3553 636
236 3482 321 3538 nihili
349 3482 447 3537 infelix
470 3481 528 3535 Leo
550 3482 627 3550 apud
645 3481 827 3550 Kaempfium.
860 3482 899 3534 At
921 3484 956 3548 ef.
976 3500 1036 3536 666
1055 3482 1250 3549 Kellerbosfius
1275 3482 1307 3535 in

156 3567 281 3621 Studeas.
297 3565 377 3620 Stud.
394 3565 437 3618 II
448 3581 478 3633 p.
490 3568 525 3618 64
543 3569 568 3617 a
584 3563 743 3617 Slutsebius
758 3563 776 3617 l.
789 3578 810 3615 6.
825 3577 846 3615 6.
864 3579 892 3630 p.
907 3567 962 3616 166
980 3568 1038 3616 tum
1056 3564 1204 3634 Seyffertus
1218 3562 1303 3616 Burs.

156 3648 265 3702 Annal.
287 3645 409 3699 XLVII
424 3662 453 3714 p.
469 3649 515 3713 68,
532 3649 601 3698 reete
619 3644 798 3712 distinpuens.

251 3733 312 3781 363.
338 3724 434 3791 Adest,
453 3724 534 3779 adesi
554 3725 697 3790 Gruterus,
717 3729 748 3776 ul
765 3723 838 3777 salet.
859 3722 962 3778 Eccum
982 3724 1063 3777 adesi
1082 3724 1211 3795 Capetus.
1235 3723 1306 3778 Tun-

157 3808 225 3862 dem
254 3807 337 3861 adesi
364 3806 541 3861 1166666666
568 3807 601 3858 iu
628 3805 717 3858 Ialrni
739 3805 843 3857 Annal.
865 3805 960 3871 pbilol.
982 3803 1109 3858 XXXV
1122 3823 1151 3873 p.
1165 3811 1227 3859 190.
1265 3804 1307 3857 Eu

158 3887 241 3941 661661
259 3884 297 3942 Β.
325 3884 366 3952 Cf.
384 3886 509 3940 Baebius
526 3885 559 3938 in
577 3885 697 3939 Studern.
712 3884 792 3939 Stud.
808 3884 889 3953 Hp.
900 3889 964 3939 408.
976 3915 1009 3924 -
1030 3901 1126 3938 seeum
1141 3883 1307 3937 Truniouem

160 3967 338 4021 0666666166
360 3967 529 4035 improbante
552 3965 748 4033 Kampmanno
771 3966 803 4018 de
826 3976 864 4014 AB
882 3982 1009 4034 praepos.
1025 3982 1054 4034 p.
1070 3971 1095 4018 1.
1129 3964 1198 4018 Vide
1219 3965 1306 4029 praef.

251 4052 313 4101 366.
331 4045 416 4099 Pater
434 4045 550 4100 aduenit
569 4047 721 4100 Muellerus
735 4046 812 4099 Pras.
822 4062 853 4114 p.
868 4051 935 4098 311.-
954 4046 1024 4098 aelM
1044 4043 1182 4098 ‘Naebtn’
1200 4059 1230 4110 p.
1244 4046 1306 4096 117.
1396 4058 1406 4077 ·

159 4134 224 4183 159.
258 4126 343 4181 Pater
361 4127 443 4180 adest
465 4129 529 4180 tuas
549 4126 683 4195 Berpleius
704 4126 802 4195 Cpuse.
823 4126 844 4178 Ι
856 4143 886 4194 p.
902 4130 965 4180 643.
986 4155 1018 4164 -
1042 4123 1116 4189 Quid
1135 4138 1187 4191 636
1207 4138 1240 4175 ex
1258 4121 1307 4174 ted

159 4209 290 4275 Botliius,
308 4206 337 4262 ll
356 4209 402 4277 (ef.
421 4207 492 4261 Noa.
511 4224 567 4263 666.
588 4208 609 4260 Ι
621 4225 651 4277 p.
666 4211 713 4275 46)
731 4209 869 4273 refutante
888 4205 1028 4259 Muellero.
1062 4205 1148 4271 Hem,
1167 4200 1235 4272 quid
1254 4218 1307 4269 636

159 4306 194 4344 ex
213 4292 243 4342 te
263 4288 412 4357 Seyffertus
430 4287 510 4342 Stud.
530 4288 573 4342 Pl.
589 4306 618 4357 p.
633 4294 659 4342 9.

253 4374 313 4422 366.
332 4368 461 4422 ,obsecro
484 4368 532 4421 ie?
564 4368 613 4421 Tu.
637 4369 717 4423 adest
737 4368 911 4422 Camerarius
933 4371 957 4419 et
979 4366 1115 4434 peninato
1139 4365 1219 4418 adest
1241 4364 1308 4418 duee

164 4449 283 4504 Cratero
302 4453 327 4501 a
343 4447 448 4518 Crtpeto
460 4448 586 4502 Bolbius.
611 4448 733 4502 obsecro.
744 4448 794 4502 Tse.
806 4448 903 4501 Piraeo
919 4445 1154 4501 adestPalmerus
1164 4444 1307 4499 Hermatb.

163 4529 216 4582 XI
226 4546 258 4598 p.
272 4532 336 4582 313.
367 4527 436 4583 Vide
450 4530 540 4597 praes.

251 4614 313 4664 368.
333 4613 405 4677 ago?
418 4607 469 4664 Tu.
483 4609 552 4679 quid
565 4609 727 4665 Lambinus.
751 4618 824 4681 aga?
839 4607 890 4664 Tu.
904 4624 968 4664 nam
984 4606 1051 4678 quid
1065 4605 1163 4663 Dousa
1178 4606 1303 4676 Emptam.

164 4689 221 4743 III
236 4696 252 4744 1
272 4690 418 4758 recipiente
436 4689 481 4758 ll,
497 4692 634 4757 refutante
652 4692 762 4745 Brieio.
793 4692 837 4745 De
855 4708 907 4760 636
926 4692 966 4745 661
984 4708 1051 4744 num
1070 4691 1141 4757 (eum
1160 4689 1307 4757 Lambina)

163 4771 253 4823 aeliu
271 4771 384 4824 delendo
403 4772 504 4839 sopitat
523 4771 676 4824 Muellerus
696 4772 833 4826 ‘Naebtr.'
852 4788 881 4840 p.
896 4777 939 4827 11.
977 4788 1030 4839 636
1053 4776 1144 4824 nune?
1168 4769 1219 4825 Tu.
1238 4770 1306 4839 quid

164 4850 282 4905 Briaius
296 4851 401 4905 Annal.
412 4851 509 4920 philol.
525 4852 665 4907 CXXXI
674 4869 703 4922 p.
716 4856 769 4908 197
779 4869 831 4922 sp,
850 4853 899 4906 ubi
913 4852 1062 4922 Seyffertus
1080 4857 1213 4921 easpeetet
1232 4851 1305 4918 Quid
