2910 5528
105 39 1107 361 u

627 768 829 824 PRAEFATIO
1220 792 1295 838 xvfl

154 935 249 999 etiam
278 934 343 997 alia
365 933 566 996 emendanda
595 937 717 1014 essent,
745 931 917 996 dummodo
941 930 980 993 de
1004 931 1106 1014 sonis,
1134 933 1190 1015 qui
1214 933 1296 1013 apud

152 1039 283 1105 Poenos
306 1040 449 1122 fuerunt,
479 1039 574 1121 plura
598 1041 793 1117 constarent,
825 1060 920 1120 quam
945 1058 1025 1121 quae
1050 1059 1087 1100 ex
1111 1040 1296 1104 nominibus

152 1146 306 1230 propriis,
333 1145 493 1229 imprimis
521 1145 568 1209 eis
591 1166 672 1228 quae
695 1145 922 1228 inscriptiones
946 1145 1107 1228 bilingues
1130 1146 1296 1228 praebent,

154 1253 263 1338 colligi
287 1256 432 1335 possunt.
472 1251 547 1316 Non
568 1251 684 1314 desunt
704 1251 840 1334 quidem,
864 1251 918 1335 qui
936 1252 1096 1314 rationem
1115 1274 1179 1334 qua
1197 1252 1297 1316 latine

155 1358 241 1442 apud
260 1356 411 1423 Plautum
431 1359 570 1440 scriptae
591 1362 666 1421 sunt
681 1356 732 1441 (ut
751 1359 849 1421 etiam
868 1357 941 1439 alia,
961 1356 1048 1420 velut
1067 1358 1297 1442 aspirationem

154 1462 388 1551 consonarum)
418 1465 458 1529 ad
488 1468 589 1528 certas
613 1465 701 1547 leges
725 1463 836 1526 referri
860 1485 953 1546 posse
977 1463 1039 1526 sibi
1062 1470 1298 1547 persuaserunt,

152 1572 208 1636 sed
233 1572 363 1653 frustra,
386 1593 458 1635 eum
482 1572 636 1635 continuo
660 1571 863 1652 exceptiones
887 1573 1028 1633 statuere
1044 1571 1146 1634 coacti
1169 1570 1298 1634 fuerint.

154 1677 269 1762 ltaque
293 1678 431 1759 quaein
455 1676 506 1741 his
529 1677 652 1740 librarii
669 1677 840 1760 peccarint,
864 1676 1003 1759 perspici
1021 1676 1141 1759 nequit.
1177 1676 1298 1742 Eorum

153 1806 281 1868 quoque
318 1784 401 1847 irriti
434 1783 563 1846 fuerunt
600 1787 746 1864 conatus,
784 1783 837 1866 qui
869 1783 940 1865 ipsa
972 1782 1094 1847 Punica
1128 1784 1227 1847 verba
1259 1783 1298 1847 ad

154 1897 296 1955 metrum
323 1911 473 1954 revocare
498 1890 697 1953 studuerunt.
744 1889 926 1953 Poenorum
955 1889 1099 1974 linguam
1124 1890 1156 1954 in
1180 1891 1299 1954 nativis

152 1996 321 2062 vocalibus
340 1996 562 2060 deminuendis
582 2001 615 2058 et
633 1996 819 2059 omittendis
839 1995 1033 2061 Hebraicam
1052 2019 1217 2080 aequasse,
1235 1998 1299 2061 nisi

155 2103 330 2188 superavit,
354 2106 504 2186 apparet3
527 2103 582 2185 qui
606 2102 691 2185 apud
714 2101 789 2164 illos
813 2124 963 2165 numeros
988 2103 1159 2187 longarum
1178 2110 1212 2168 et
1230 2106 1298 2167 bre-

156 2209 248 2273 vium
267 2207 463 2292 syllabarum
483 2208 665 2272 discrimine
684 2209 886 2272 modificatus
906 2209 1040 2292 quaerit,
1064 2209 1148 2274 idem
1167 2211 1301 2275 tacitae

152 2315 210 2400 qui
238 2313 317 2379 olim
345 2314 464 2377 similia
492 2314 576 2397 apud
604 2312 771 2378 Hebraeos
799 2318 979 2391 tentarunt,
1009 2338 1143 2398 quorum
1173 2316 1301 2400 incepta

151 2422 219 2484 iam
248 2419 367 2483 dudum
396 2420 540 2484 omnium
566 2441 724 2483 consensu
753 2420 885 2504 explosa
915 2426 998 2485 sunt.
1048 2421 1167 2487 Poetae
1196 2428 1298 2487 artem

155 2529 316 2610 interpres
340 2527 385 2589 ita
408 2528 535 2589 tantum
554 2527 699 2590 imitatus
718 2530 777 2609 est,
801 2529 837 2590 ut
857 2548 964 2590 versus
985 2527 1126 2592 eiusdem
1146 2529 1213 2592 fere
1233 2553 1297 2594 am·

159 2635 263 2716 bitus,
287 2632 342 2716 qui
366 2632 493 2697 senario
516 2633 733 2715 responderet,
757 2633 940 2717 quindecim
964 2639 1021 2697 aut
1044 2635 1183 2698 sedecim
1203 2637 1299 2719 sylla·

158 2742 277 2805 barum
297 2739 430 2822 faeeret3
450 2740 547 2803 etiam
566 2739 692 2802 hiatum
711 2742 899 2823 plerumque
918 2740 1041 2803 vitavit.
1083 2740 1172 2804 Nihil
1192 2747 1302 2806 tamen

156 2844 305 2930 impedit,
328 2847 499 2929 quominus
523 2847 713 2928 statuamus,
736 2846 926 2910 histrionem
949 2847 981 2910 in
1007 2869 1121 2910 scaena
1140 2849 1238 2912 verba
1252 2872 1300 2912 ar·

157 2952 295 3017 bitrario
319 2952 414 3015 modo
438 2951 480 3014 ad
502 2974 671 3014 numerum
690 2952 862 3014 iambicum
883 2953 1123 3016 accommodata
1142 2956 1301 3018 recitasse.
1362 3033 1367 3041 .

153 3057 239 3140 Hoc,
259 3079 324 3121 uon
339 3058 482 3140 ipsomm
498 3056 679 3122 Poenorum
694 3058 891 3121 locutionem
908 3064 1052 3141 spectare
1068 3061 1201 3143 videtur,
1217 3062 1300 3144 quod

155 3162 298 3228 Sisenna
313 3162 469 3244 (Gramm.
479 3164 535 3226 lat.
549 3162 597 3225 Vl
608 3165 671 3227 561
689 3165 735 3226 ed.
750 3161 804 3248 K.)
816 3164 957 3241 tradidit,
977 3166 1008 3228 in
1019 3166 1175 3231 vocabulo
1185 3168 1303 3231 alonim

157 3270 307 3335 vocalem
332 3268 425 3352 (puta
447 3271 571 3354 primae
586 3268 743 3356 syllabae)
768 3275 901 3354 propter
915 3277 1053 3335 metrum
1068 3273 1302 3356 producendam

117 3382 119 3387 ’
156 3398 244 3458 esse3
259 3375 345 3459 apud
356 3375 481 3439 Poenos
496 3398 536 3439 ne
552 3377 657 3440 brevis
668 3377 798 3459 quidem
812 3379 943 3461 vocalia,
963 3379 1018 3442 sed
1033 3379 1166 3443 dimidia
1175 3384 1303 3444 tantum

158 3482 361 3564 audiebatur,
376 3504 471 3566 quam
487 3482 676 3566 productam
692 3485 903 3565 pronuntiare
918 3507 1014 3550 nemo
1027 3486 1152 3550 Poenus
1166 3492 1304 3570 poterat.

255 3585 289 3651 Si
317 3588 419 3670 igitur
441 3588 475 3651 in
500 3589 644 3652 versibus
669 3590 775 3653 decem
800 3591 962 3673 prioribus
985 3615 1051 3656 non
1075 3592 1305 3676 improbabilia

156 3693 233 3759 erui
264 3697 415 3776 possunt,
447 3694 543 3778 longe
577 3696 670 3759 aliter
702 3720 752 3759 res
786 3719 819 3759 se
847 3698 946 3761 habet
974 3699 1006 3762 in
1035 3699 1167 3781 reliquis
1196 3699 1305 3782 eisque

156 3800 265 3865 multo
289 3800 394 3885 magis
418 3801 599 3882 depravatis
619 3807 652 3865 et
670 3804 753 3866 lectu
773 3802 807 3864 in.
827 3803 1053 3886 antiquissimo
1073 3804 1181 3867 codiee
1197 3803 1304 3866 arduis

152 3911 198 3974 et
222 3906 361 3970 incertis.
406 3906 444 3970 In
468 3907 518 3970 his
543 3929 581 3970 ea
604 3911 730 3971 tautum
754 3908 852 3970 rerba
875 3929 948 3971 vere
972 3909 1200 3993 intellegimus,
1223 3930 1305 3990 quae

159 4014 199 4077 in
219 4012 285 4074 illis
305 4034 432 4096 quoque
451 4014 671 4096 inveniuntur3
696 4036 776 4099 quae
796 4015 963 4077 interiecta
982 4018 1065 4096 sunt,
1087 4036 1182 4076 nemo
1202 4014 1305 4077 adhue

157 4121 210 4184 ita
245 4119 386 4182 restituit
418 4124 450 4182 et
481 4120 666 4203 explicavit,
702 4127 739 4184 ut
771 4122 836 4183 veri
868 4120 1112 4183 similitudinem
1146 4120 1305 4204 quandam

160 4226 365 4310 praeberent.
409 4225 500 4300 Quod
524 4248 564 4289 ne
588 4228 727 4310 iniquius
751 4228 870 4293 dictum
895 4227 1049 4309 videatur,
1072 4249 1135 4290 uno
1160 4227 1306 4309 exemplo

156 4335 248 4396 utar.
303 4330 391 4406 Quae
414 4355 443 4395 v.
472 4336 491 4395 o·
520 4333 604 4396 inter
629 4334 672 4412 fel
703 4338 735 4397 et
762 4336 834 4414 liful
864 4334 1029 4416 leguntur,
1061 4334 1167 4395 valere
1195 4334 1308 4396 volunt

155 4437 305 4519 Movere,
344 4438 394 4501 eui
427 4439 645 4521 astipulantur
677 4439 854 4504 Schroeder
887 4438 995 4524 (huius
1023 4439 1121 4502 verba
1150 4438 1239 4524 suut)
1276 4445 1308 4503 et

156 4543 344 4626 Hitzigius:
374 4545 415 4608 du
442 4545 519 4608 hast
542 4547 660 4629 gethan
689 4549 737 4609 die
761 4546 913 4626 Psliclrtca
940 4546 1020 4609 eines
1043 4546 1078 4608 in
1100 4547 1178 4610 oller
1200 4546 1307 4610 Reclrt-

154 4648 362 4728 schaffenlreit
384 4653 583 4716 crundelmlea
605 4655 671 4715 arad
692 4651 978 4733 (immaturarum
1000 4654 1048 4734 so)
1071 4654 1127 4716 wie
1149 4675 1179 4718 cs
1201 4654 1308 4718 Sciru-

156 4754 279 4839 durat
300 4758 342 4819 ist
364 4779 401 4819 au
426 4757 588 4840 handelu',
612 4759 696 4842 quod
720 4760 802 4822 mira
825 4763 894 4822 arte
917 4759 1051 4822 eliciunt
1069 4760 1195 4823 collatis
1216 4783 1309 4824 uoca-

157 4862 251 4929 bulis
275 4861 445 4927 Hebraicis
470 4865 566 4948 longe
591 4865 678 4928 aliud
703 4865 934 4949 spectantibus.
972 4865 1016 4929 At
1039 4872 1123 4930 recte
1147 4867 1211 4931 iarn
1235 4867 1308 4929 inde

215 4977 235 5016 Ρ
235 4987 313 5016 aaaaa
327 4978 392 5017 ross
395 4988 457 5018 vvvvv
1078 4971 1096 5024 b
