2910 5528
766 344 897 399 eulvn
1228 343 1389 415 reis-er

301 510 385 576 Ndm
409 532 468 596 ego
493 510 532 575 ad
558 511 637 575 illud
660 511 706 574 fui
730 512 816 594 frigi
840 531 940 594 usque
964 513 997 573 et
1019 510 1153 594 probis,

300 603 340 681 ln
363 617 529 682 fabroriim
553 618 715 702 potestite
739 617 813 680 dum
838 615 894 682 fui.

300 724 430 808 Pristen,
454 747 550 808 quom
575 721 750 808 inmigraui
773 722 939 806 ingenium
963 724 996 787 in
1022 728 1144 807 merim,
1350 743 1392 788 lsi

301 830 428 894 Pe'rdidi
453 832 584 913 operim
607 830 774 895 fabrorum
798 828 876 894 ilico
900 830 1030 915 oppid6.

300 936 400 1002 Venit
422 937 567 1020 igniuis:
613 939 651 999 ia
675 936 719 1000 mi
743 937 919 1019 tempestds
944 936 1019 1019 fuit,

301 1045 347 1108 Mi
371 1043 511 1108 riduentu
535 1065 592 1106 suo
616 1043 806 1128 grdudiuem
853 1041 1052 1127 imbremque
1075 1041 1197 1108 attulit.

300 1148 389 1214 Hae'o
412 1149 636 1214 uereeiindiam
660 1149 706 1213 nri
728 1152 761 1212 et
783 1145 914 1212 uirtutis
938 1149 1067 1213 modum

304 1256 498 1320 Deturbauit
521 1255 647 1319 extudit
671 1254 855 1339 detexitque
878 1278 898 1319 a
921 1239 972 1319 me
997 1252 1082 1321 ilioo.

303 1361 440 1426 Pdstillo
465 1360 611 1446 optigere
636 1384 673 1425 ea
695 1361 871 1446 neglegens
895 1360 958 1425 fui:

258 1467 419 1533 Continuo
444 1490 502 1552 pro
525 1468 628 1532 imbre
651 1470 743 1533 ambr
764 1469 895 1532 aduenit
932 1494 949 1529 i
986 1494 1003 1529 ψ
1040 1494 1057 1530 r
1093 1494 1109 1529 e
1147 1496 1164 1531 e
1202 1492 1220 1531 r
1257 1495 1275 1530 e

258 1576 290 1640 ls
314 1576 472 1660 usquein
496 1579 607 1658 peetus
631 1575 847 1670 pirmanaqit,
870 1576 1101 1658 permadefeoit
1124 1579 1180 1641 edr
1204 1599 1320 1641 meum.

302 1682 396 1746 Nunc
420 1682 516 1746 simul
541 1685 607 1765 ree,
630 1682 722 1760 fides,
746 1683 846 1764 timu,
869 1683 973 1746 uirtus
981 1732 989 1765 ,
1013 1682 1108 1747 decus

258 1789 491 1855 Deseruerant:
515 1790 576 1872 ego
601 1811 670 1853 sum
696 1790 728 1852 in
753 1812 811 1853 usu
835 1788 940 1853 frictus
964 1789 1064 1854 nimio
1087 1791 1232 1874 ne'quior.
1356 1805 1402 1853 145

258 1896 366 1981 Atque
390 1896 502 1979 edepol
527 1895 575 1959 ita
597 1896 675 1959 haec
699 1898 809 1959 umbre
833 1897 926 1977 tigna
949 1900 1077 1978 putent:
1100 1919 1163 1961 non
1190 1896 1305 1962 uidebr
1328 1894 1404 1960 mibi

351 2111 409 2160 142.
429 2106 494 2160 lino
503 2123 564 2160 cnm
579 2106 643 2159 aliis
658 2106 730 2173 (vido
746 2106 864 2173 append.
879 2106 951 2174 erit.)
967 2106 1095 2162 Naberno
1109 2110 1192 2174 refert
1203 2106 1357 2162 Frontonis
1372 2106 1406 2160 ad

260 2187 300 2240 M.
321 2188 463 2240 Caesarem
486 2187 524 2239 II
542 2191 561 2240 2
582 2203 611 2252 p.
627 2190 667 2239 27
685 2187 732 2252 (48
755 2186 794 2239 eri.
813 2185 922 2252 Roru.):
950 2183 1006 2237 iam
1034 2186 1104 2240 mihi
1133 2204 1195 2241 eum
1223 2186 1326 2240 Gratis
1352 2201 1406 2238 oer-

259 2270 354 2320 tamen
378 2265 444 2334 erit,
468 2282 551 2333 quum
577 2265 664 2318 timeo
689 2268 721 2318 ut
744 2280 876 2333 superare
899 2265 1011 2332 possim.
1035 2283 1100 2320 nam
1124 2264 1201 2320 illins
1224 2264 1353 2334 quidem,
1378 2268 1407 2318 ut

261 2346 376 2400 Plautus
401 2346 454 2412 uit,
481 2346 583 2400 amoris
610 2343 700 2398 imber
725 2344 877 2413 grandibus
903 2346 993 2413 guttis
1018 2364 1075 2401 non
1100 2348 1209 2401 uestem
1238 2345 1323 2400 modo
1350 2362 1406 2413 per·

260 2425 396 2492 manauit,
411 2425 459 2479 sed
474 2425 503 2479 in
518 2423 670 2479 medullam
685 2425 760 2479 ultro
775 2425 844 2478 fluit.
874 2424 950 2493 Quae
963 2431 1032 2480 recte
1045 2419 1211 2481 Riteebeli‘roe
1225 2427 1346 2496 negabat
1358 2426 1407 2479 linc

258 2512 386 2575 spectare.
411 2505 495 2560 Fuit:
514 2549 531 2558 -
540 2531 559 2558 υ
568 2531 613 2558 ,υ
622 2548 640 2557 -
659 2506 761 2559 amoris
773 2505 862 2560 imber
871 2504 959 2573 guttis
969 2499 1123 2574 grandibus
1133 2506 1197 2560 an
1209 2509 1320 2560 uestem
1329 2505 1407 2559 modo

260 2584 445 2655 permanuuit,
460 2586 489 2635 ln
505 2586 556 2653 (vel
570 2583 618 2637 sed
634 2584 674 2653 in)
689 2585 839 2640 medullam
855 2586 928 2640 ultrb
943 2584 1012 2640 fluit.
1032 2586 1075 2652 Os.
1089 2585 1407 2655 ‘plriioi.Anc.’1p.60.

352 2778 401 2826 133
416 2788 454 2842 sq.
477 2773 517 2826 sic
539 2772 687 2841 distinguit
709 2771 749 2824 B:
778 2770 850 2825 Nam
948 2773 1121 2828 infabrorum
1141 2774 1151 2842 l
1171 2772 1318 2828 Poteltnte
1345 2773 1405 2826 dum

260 2853 301 2907 fui
364 2852 435 2907 illud
453 2852 527 2921 frugi
542 2852 626 2918 usque
646 2855 675 2905 et
693 2851 797 2920 probul'
812 2852 852 2905 fui
871 2855 950 2908 libri:
970 2855 1034 2909 irai.
1049 2852 1081 2908 S
1136 2853 1289 2922 polteltate
1305 2852 1406 2908 Dante

224 2932 226 2936 ’
261 2950 317 2988 ras.
347 2933 424 3002 ptdte
443 2932 470 2984 Z
486 2932 523 3001 (²⁸)
616 2936 673 2985 135.
698 2930 798 2985 Postea
816 2949 898 2999 quam
918 2932 981 2987 BG.
1009 2933 1194 3003 Posteaquam
1214 2933 1325 2990 DFZ:
1342 2950 1405 2988 oorr.

264 3012 387 3083 Guyetns
447 3011 584 3081 emigraui
602 3029 635 3065 err
654 3011 784 3081 imigruui
800 3013 855 3066 Bb.
880 3012 1039 3082 immigraui
1057 3013 1158 3082 reliqui
1219 3015 1250 3067 in
1269 3014 1406 3084 ingenium

263 3094 341 3147 libri:
367 3093 431 3147 irai.
450 3093 568 3145 Botbinr
642 3096 691 3146 136
705 3108 743 3159 eq.
768 3109 824 3145 nno
842 3108 921 3146 veron
939 3092 1139 3163 comprehendit
1157 3092 1198 3159 B,
1221 3094 1269 3148 red
1287 3093 1370 3148 Venit
1386 3108 1407 3146 c.

262 3178 332 3241 spat.
351 3172 429 3225 babet
449 3178 474 3226 ei
492 3188 528 3227 er.
551 3170 638 3225 Venit
652 3214 658 3226 .
670 3215 693 3227 ..
709 3171 764 3225 fuit
782 3174 814 3225 in
831 3174 984 3241 insequenti
1002 3189 1081 3227 versu
1100 3173 1209 3241 (ultimo
1224 3175 1357 3243 popinae)

263 3267 385 3319 operam,
400 3266 418 3303 a
432 3267 444 3303 e
458 3267 527 3304 corr.
543 3252 696 3318 (fortene)
712 3250 738 3302 B
797 3251 954 3319 opidoBF
1006 3250 1157 3307 mihiiibri
1171 3253 1208 3321 (⁴²)
1267 3251 1404 3308 138.l1ihi

263 3331 329 3384 libri
347 3330 383 3398 (²²)
447 3336 505 3384 139.
526 3330 596 3384 mihi
614 3331 679 3384 iibri
753 3336 810 3384 140.
831 3331 940 3385 extudit
954 3330 1116 3400 detexitque
1134 3329 1175 3386 S.
1203 3333 1278 3387 texit
1297 3333 1404 3388 derexit

264 3425 317 3477 quo
336 3412 402 3464 libri
421 3410 458 3479 (*)
547 3417 605 3465 141.
626 3409 689 3464 Polt
707 3410 758 3464 illu
775 3412 810 3464 B.
838 3411 900 3481 polt
917 3410 997 3465 illem
1016 3411 1086 3478 ΕΖ,
1105 3413 1219 3481 qnidam
1244 3413 1312 3468 libri
1328 3412 1403 3466 Lon·

264 3491 324 3543 bini
350 3492 414 3558 (aiii
441 3491 554 3560 postilla
582 3507 642 3545 enm
672 3489 737 3555 OD)
834 3490 960 3560 obtigere
989 3491 1180 3558 Camerarius,
1206 3493 1321 3561 ᾳιιίᾱαη
1347 3492 1405 3547 libri

263 3570 403 3626 Lambini.
432 3572 556 3640 optieere
575 3570 678 3637 BGD,
698 3571 767 3626 ‘cod
786 3588 833 3626 nie.
853 3572 1072 3640 antiqniseirnne'
1095 3572 1224 3641 Ppiadis.
1255 3575 1268 3624 l
1287 3570 1403 3642 optinere

263 3651 312 3705 Bb
340 3669 425 3722 marg.
464 3651 595 3705 obtexere
625 3649 696 3715 Fe,
724 3652 837 3719 qnidam
866 3653 931 3706 iibri
955 3652 1086 3706 Lambini
1194 3668 1230 3705 ea
1256 3652 1402 3724 Seyfferinr.

264 3748 325 3785 enm
355 3733 420 3785 libri
448 3734 475 3799 (o
500 3733 557 3786 suis
584 3732 674 3785 abesse
697 3730 851 3785 Lonrbinns
879 3731 958 3800 dicit)
1065 3729 1214 3801 negligens
1238 3732 1300 3786 ΡΖ
1323 3731 1357 3800 (')

266 3817 323 3866 142.
348 3812 493 3865 Lacunam
511 3811 631 3880 signavit
650 3809 679 3862 Ἠ
704 3811 805 3878 (poesis
824 3810 979 3865 incursouit
998 3810 1147 3879 fluetibus).
1181 3809 1300 3866 aduenit
1317 3811 1346 3866 in
1364 3826 1403 3863 eor

263 3909 357 3945 meum
366 3892 392 3943 B
409 3892 508 3959 (tneor)
524 3890 626 3944 ODF:
641 3907 710 3958 qnae
724 3893 875 3959 eprooirno
888 3909 913 3945 o.
927 3892 981 3946 bno
994 3892 1135 3960 irrepsisse
1149 3893 1207 3945 ium
1221 3891 1340 3946 Botbinr
1350 3907 1403 3960 per·

264 3974 362 4041 operit.
390 3971 513 4025 aduenit.
534 3988 606 4023 nunc
625 3970 705 4022 simul
725 3969 770 4023 res
785 3970 866 4039 fides,
884 3972 990 4026 omissis
1008 3972 1089 4024 etium
1108 3970 1132 4024 is
1151 3987 1241 4038 usque
1260 3970 1290 4026 in
1308 3975 1404 4042 pectus,

264 4054 311 4105 sed
329 4057 360 4105 ni
382 4069 455 4105 nuno
478 4049 560 4104 simul
578 4049 624 4103 rel'
644 4049 713 4103 fidel
732 4066 781 4104 sno
800 4051 857 4106 ioco
875 4053 1000 4118 redeant,
1020 4051 1047 4104 Z
1063 4050 1099 4121 (²⁸⁸)
1193 4056 1253 4105 143.
1283 4050 1403 4121 permade

266 4132 334 4184 iecit
359 4130 387 4184 Ο.
421 4129 678 4200 permodefeeitque
702 4130 732 4182 F
821 4135 880 4185 144.
907 4132 996 4186 uirtus
1020 4132 1104 4185 decus
1130 4148 1192 4185 enm
1216 4131 1319 4188 Boibio
1342 4133 1404 4186 Her·

264 4228 390 4266 rnunnue.
424 4211 539 4278 uirtuup
561 4210 645 4264 decus
668 4209 695 4263 (l.
728 4209 820 4263 uirtus
839 4210 976 4278 decusque
998 4209 1096 4263 BDZ.
1130 4209 1222 4264 uirtus
1245 4207 1405 4282 deniqueF

321 4296 379 4343 145.
403 4290 601 4354 Del'eruorunt,
624 4290 648 4341 D
668 4308 680 4341 r
699 4308 766 4345 corr.
787 4292 838 4345 Ba
928 4290 1006 4344 iuusu
1029 4292 1058 4344 B
1081 4291 1117 4358 (*)
1211 4298 1271 4347 146.
1299 4296 1362 4360 neq
1379 4307 1406 4344 er

266 4368 303 4421 At
321 4371 369 4421 Bb
444 4371 533 4434 lutqr
555 4370 633 4422 aedil
647 4370 738 4439 polito
756 4374 804 4426 Bb
823 4375 853 4425 in
872 4389 957 4440 niarp.
1032 4371 1133 4443 qdepol
1154 4373 1186 4426 Z.
1210 4381 1275 4441 post
1298 4370 1406 4441 aedepol

268 4451 315 4503 ‘in
337 4450 436 4517 inieris
459 4450 672 4516 exernpiaribns’
698 4457 744 4505 eni
769 4453 893 4507 udddnm
916 4469 969 4507 esse
992 4453 1062 4506 Pins
1086 4453 1183 4507 scribit
1281 4453 1323 4507 itu
1347 4454 1407 4507 haee
