<?xml version="1.0" encoding="UTF-8"?>
<!DOCTYPE html PUBLIC "-//W3C//DTD XHTML 1.0 Transitional//EN"
    "http://www.w3.org/TR/xhtml1/DTD/xhtml1-transitional.dtd">
<html xmlns="http://www.w3.org/1999/xhtml" xml:lang="en" lang="en">
 <head>
  <title>
</title>
<meta http-equiv="Content-Type" content="text/html;charset=utf-8" />
  <meta name='ocr-system' content='tesseract 3.04.00' />
  <meta name='ocr-capabilities' content='ocr_page ocr_carea ocr_par ocr_line ocrx_word'/>
</head>
<body>
  <div class='ocr_page' id='page_1' title='image "./tmacciplauticom01schgoog_0555.png"; bbox 0 0 2910 5528; ppageno 0'>
   <div class='ocr_carea' id='block_1_1' title="bbox 149 326 827 383">
    <p class='ocr_par' dir='ltr' id='par_1_1' title="bbox 149 326 827 383">
     <span class='ocr_line' id='line_1_1' title="bbox 149 326 827 383; baseline -0.004 0"><span class='ocrx_word' id='word_1_1' title='bbox 149 328 212 383; x_wconf 85' lang='lat' dir='ltr'><strong>XVI</strong></span> <span class='ocrx_word' id='word_1_2' title='bbox 246 358 249 363; x_wconf 61' lang='lat'>&gt;</span> <span class='ocrx_word' id='word_1_3' title='bbox 620 326 827 381; x_wconf 79' lang='lat' dir='ltr'><strong>PRAEFATIO</strong></span> 
     </span>
    </p>
   </div>
   <div class='ocr_carea' id='block_1_2' title="bbox 148 488 1297 1108">
    <p class='ocr_par' dir='ltr' id='par_1_2' title="bbox 148 488 1297 1108">
     <span class='ocr_line' id='line_1_2' title="bbox 150 488 1297 574; baseline -0.001 -20"><span class='ocrx_word' id='word_1_4' title='bbox 150 490 210 566; x_wconf 86' lang='lat' dir='ltr'><strong>Qui</strong></span> <span class='ocrx_word' id='word_1_5' title='bbox 231 513 304 555; x_wconf 92' lang='lat' dir='ltr'><strong>cum</strong></span> <span class='ocrx_word' id='word_1_6' title='bbox 323 491 427 573; x_wconf 83' lang='lat' dir='ltr'><strong>ipsam</strong></span> <span class='ocrx_word' id='word_1_7' title='bbox 444 489 576 554; x_wconf 80' lang='lat' dir='ltr'>Persam</span> <span class='ocrx_word' id='word_1_8' title='bbox 596 489 740 553; x_wconf 87' lang='lat' dir='ltr'><strong>fabulam</strong></span> <span class='ocrx_word' id='word_1_9' title='bbox 760 489 837 553; x_wconf 89' lang='lat' dir='ltr'><strong>item</strong></span> <span class='ocrx_word' id='word_1_10' title='bbox 857 488 972 553; x_wconf 85' lang='lat' dir='ltr'><strong>leviter</strong></span> <span class='ocrx_word' id='word_1_11' title='bbox 991 493 1120 554; x_wconf 85' lang='lat' dir='ltr'><strong>tantum</strong></span> <span class='ocrx_word' id='word_1_12' title='bbox 1135 489 1297 574; x_wconf 87' lang='lat' dir='ltr'><strong>attigerit,</strong></span> 
     </span>
     <span class='ocr_line' id='line_1_3' title="bbox 150 594 1296 680; baseline -0.002 -20"><span class='ocrx_word' id='word_1_13' title='bbox 150 598 182 660; x_wconf 89' lang='lat' dir='ltr'><strong>in</strong></span> <span class='ocrx_word' id='word_1_14' title='bbox 212 597 284 661; x_wconf 86' lang='lat' dir='ltr'><strong>aliis</strong></span> <span class='ocrx_word' id='word_1_15' title='bbox 314 596 533 680; x_wconf 85' lang='lat' dir='ltr'><strong>compluribus</strong></span> <span class='ocrx_word' id='word_1_16' title='bbox 563 596 659 680; x_wconf 91' lang='lat' dir='ltr'><strong>longe</strong></span> <span class='ocrx_word' id='word_1_17' title='bbox 687 595 846 679; x_wconf 82' lang='lat' dir='ltr'>longeque</span> <span class='ocrx_word' id='word_1_18' title='bbox 874 597 948 678; x_wconf 90' lang='lat' dir='ltr'><strong>plus</strong></span> <span class='ocrx_word' id='word_1_19' title='bbox 979 594 1079 659; x_wconf 90' lang='lat' dir='ltr'><strong>studii</strong></span> <span class='ocrx_word' id='word_1_20' title='bbox 1107 617 1145 660; x_wconf 86' lang='lat' dir='ltr'><strong>ac</strong></span> <span class='ocrx_word' id='word_1_21' title='bbox 1172 595 1296 659; x_wconf 89' lang='lat' dir='ltr'><strong>laboris</strong></span> 
     </span>
     <span class='ocr_line' id='line_1_4' title="bbox 150 699 1296 787; baseline -0.001 -20"><span class='ocrx_word' id='word_1_22' title='bbox 150 703 358 786; x_wconf 73' lang='lat' dir='ltr'><strong>consumpsit.</strong></span> <span class='ocrx_word' id='word_1_23' title='bbox 405 699 467 765; x_wconf 82' lang='lat' dir='ltr'><strong>Sed</strong></span> <span class='ocrx_word' id='word_1_24' title='bbox 497 701 565 765; x_wconf 85' lang='lat' dir='ltr'><strong>eius</strong></span> <span class='ocrx_word' id='word_1_25' title='bbox 589 723 706 785; x_wconf 85' lang='lat' dir='ltr'>operae</span> <span class='ocrx_word' id='word_1_26' title='bbox 731 701 796 766; x_wconf 88' lang='lat' dir='ltr'><strong>alia</strong></span> <span class='ocrx_word' id='word_1_27' title='bbox 819 722 920 785; x_wconf 89' lang='lat' dir='ltr'><strong>eaque</strong></span> <span class='ocrx_word' id='word_1_28' title='bbox 943 705 995 766; x_wconf 88' lang='lat' dir='ltr'><strong>sat</strong></span> <span class='ocrx_word' id='word_1_29' title='bbox 1018 722 1139 787; x_wconf 78' lang='lat' dir='ltr'><strong>magna</strong></span> <span class='ocrx_word' id='word_1_30' title='bbox 1161 723 1240 785; x_wconf 85' lang='lat' dir='ltr'><strong>pars</strong></span> <span class='ocrx_word' id='word_1_31' title='bbox 1263 702 1296 765; x_wconf 91' lang='lat' dir='ltr'><strong>in</strong></span> 
     </span>
     <span class='ocr_line' id='line_1_5' title="bbox 150 807 1297 892; baseline -0.002 -18"><span class='ocrx_word' id='word_1_32' title='bbox 150 808 348 891; x_wconf 83' lang='lat' dir='ltr'><strong>excerpenda</strong></span> <span class='ocrx_word' id='word_1_33' title='bbox 372 808 551 890; x_wconf 74' lang='lat' dir='ltr'><strong>scripturae</strong></span> <span class='ocrx_word' id='word_1_34' title='bbox 575 807 794 892; x_wconf 86' lang='lat' dir='ltr'><strong>discrepantia</strong></span> <span class='ocrx_word' id='word_1_35' title='bbox 817 807 962 872; x_wconf 91' lang='lat' dir='ltr'><strong>codicum</strong></span> <span class='ocrx_word' id='word_1_36' title='bbox 981 807 1209 874; x_wconf 86' lang='lat' dir='ltr'><strong>Palatinorum</strong></span> <span class='ocrx_word' id='word_1_37' title='bbox 1233 807 1297 873; x_wconf 85' lang='lat' dir='ltr'><strong>edi·</strong></span> 
     </span>
     <span class='ocr_line' id='line_1_6' title="bbox 148 912 1296 999; baseline 0 -19"><span class='ocrx_word' id='word_1_38' title='bbox 148 917 311 999; x_wconf 86' lang='lat' dir='ltr'><strong>tionisque</strong></span> <span class='ocrx_word' id='word_1_39' title='bbox 331 915 485 998; x_wconf 87' lang='lat' dir='ltr'><strong>principis</strong></span> <span class='ocrx_word' id='word_1_40' title='bbox 505 915 664 979; x_wconf 87' lang='lat' dir='ltr'><strong>constitit:</strong></span> <span class='ocrx_word' id='word_1_41' title='bbox 684 914 748 978; x_wconf 82' lang='lat' dir='ltr'><strong>alia</strong></span> <span class='ocrx_word' id='word_1_42' title='bbox 767 914 828 979; x_wconf 88' lang='lat' dir='ltr'><strong>etsi</strong></span> <span class='ocrx_word' id='word_1_43' title='bbox 847 913 882 977; x_wconf 90' lang='lat' dir='ltr'><strong>in</strong></span> <span class='ocrx_word' id='word_1_44' title='bbox 899 912 1100 999; x_wconf 81' lang='lat' dir='ltr'><strong>corrigendis</strong></span> <span class='ocrx_word' id='word_1_45' title='bbox 1116 915 1296 999; x_wconf 78' lang='lat' dir='ltr'><strong>scripturae</strong></span> 
     </span>
     <span class='ocr_line' id='line_1_7' title="bbox 151 1018 1296 1108; baseline -0.003 -21"><span class='ocrx_word' id='word_1_46' title='bbox 151 1022 237 1088; x_wconf 88' lang='lat' dir='ltr'><strong>vitiis</strong></span> <span class='ocrx_word' id='word_1_47' title='bbox 261 1026 417 1103; x_wconf 82' lang='lat' dir='ltr'><strong>versatur,</strong></span> <span class='ocrx_word' id='word_1_48' title='bbox 441 1027 549 1085; x_wconf 91' lang='lat' dir='ltr'><strong>tamen</strong></span> <span class='ocrx_word' id='word_1_49' title='bbox 573 1043 668 1105; x_wconf 85' lang='lat' dir='ltr'><strong>saepe</strong></span> <span class='ocrx_word' id='word_1_50' title='bbox 692 1018 740 1108; x_wconf 89' lang='lat' dir='ltr'><strong>(id</strong></span> <span class='ocrx_word' id='word_1_51' title='bbox 764 1020 849 1105; x_wconf 92' lang='lat' dir='ltr'><strong>quod</strong></span> <span class='ocrx_word' id='word_1_52' title='bbox 874 1020 974 1085; x_wconf 87' lang='lat' dir='ltr'><strong>etiam</strong></span> <span class='ocrx_word' id='word_1_53' title='bbox 998 1019 1032 1084; x_wconf 89' lang='lat' dir='ltr'><strong>in</strong></span> <span class='ocrx_word' id='word_1_54' title='bbox 1054 1019 1157 1086; x_wconf 86' lang='lat' dir='ltr'><strong>Persa</strong></span> <span class='ocrx_word' id='word_1_55' title='bbox 1180 1021 1296 1087; x_wconf 87' lang='lat' dir='ltr'><strong>accidit</strong></span> 
     </span>
    </p>
   </div>
   <div class='ocr_carea' id='block_1_3' title="bbox 148 1125 1296 4507">
    <p class='ocr_par' dir='ltr' id='par_1_3' title="bbox 149 1125 1296 1640">
     <span class='ocr_line' id='line_1_8' title="bbox 150 1125 1296 1214; baseline -0.002 -21"><span class='ocrx_word' id='word_1_56' title='bbox 150 1125 340 1214; x_wconf 78' lang='lat' dir='ltr'><strong>identidem)</strong></span> <span class='ocrx_word' id='word_1_57' title='bbox 360 1151 398 1194; x_wconf 85' lang='lat' dir='ltr'><strong>ea</strong></span> <span class='ocrx_word' id='word_1_58' title='bbox 417 1130 548 1193; x_wconf 87' lang='lat' dir='ltr'><strong>inventa</strong></span> <span class='ocrx_word' id='word_1_59' title='bbox 562 1128 745 1213; x_wconf 81' lang='lat' dir='ltr'><strong>progenuit,</strong></span> <span class='ocrx_word' id='word_1_60' title='bbox 764 1126 983 1213; x_wconf 89' lang='lat' dir='ltr'><strong>quaepridem</strong></span> <span class='ocrx_word' id='word_1_61' title='bbox 999 1127 1139 1211; x_wconf 71' lang='lat' dir='ltr'><strong>rebeliis,</strong></span> <span class='ocrx_word' id='word_1_62' title='bbox 1158 1149 1296 1213; x_wconf 90' lang='lat' dir='ltr'><strong>quorum</strong></span> 
     </span>
     <span class='ocr_line' id='line_1_9' title="bbox 149 1232 1295 1318; baseline 0 -19"><span class='ocrx_word' id='word_1_63' title='bbox 149 1242 218 1300; x_wconf 91' lang='lat' dir='ltr'><strong>tum</strong></span> <span class='ocrx_word' id='word_1_64' title='bbox 242 1235 344 1300; x_wconf 89' lang='lat' dir='ltr'><strong>libros</strong></span> <span class='ocrx_word' id='word_1_65' title='bbox 369 1257 433 1299; x_wconf 91' lang='lat' dir='ltr'><strong>non</strong></span> <span class='ocrx_word' id='word_1_66' title='bbox 458 1235 654 1318; x_wconf 85' lang='lat' dir='ltr'><strong>consuleret,</strong></span> <span class='ocrx_word' id='word_1_67' title='bbox 683 1239 841 1318; x_wconf 87' lang='lat' dir='ltr'><strong>occupata</strong></span> <span class='ocrx_word' id='word_1_68' title='bbox 865 1238 982 1299; x_wconf 88' lang='lat' dir='ltr'><strong>essent.</strong></span> <span class='ocrx_word' id='word_1_69' title='bbox 1028 1232 1091 1298; x_wconf 87' lang='lat' dir='ltr'><strong>Vel</strong></span> <span class='ocrx_word' id='word_1_70' title='bbox 1115 1234 1164 1299; x_wconf 89' lang='lat' dir='ltr'><strong>sic</strong></span> <span class='ocrx_word' id='word_1_71' title='bbox 1187 1239 1295 1299; x_wconf 84' lang='lat' dir='ltr'><strong>tamen</strong></span> 
     </span>
     <span class='ocr_line' id='line_1_10' title="bbox 149 1341 1294 1426; baseline -0.001 -21"><span class='ocrx_word' id='word_1_72' title='bbox 149 1364 215 1406; x_wconf 90' lang='lat' dir='ltr'><strong>non</strong></span> <span class='ocrx_word' id='word_1_73' title='bbox 239 1342 347 1405; x_wconf 87' lang='lat' dir='ltr'><strong>deesse</strong></span> <span class='ocrx_word' id='word_1_74' title='bbox 372 1346 621 1406; x_wconf 76' lang='lat' dir='ltr'><strong>consentaneum</strong></span> <span class='ocrx_word' id='word_1_75' title='bbox 646 1345 703 1425; x_wconf 89' lang='lat' dir='ltr'><strong>est,</strong></span> <span class='ocrx_word' id='word_1_76' title='bbox 727 1363 810 1426; x_wconf 86' lang='lat' dir='ltr'><strong>quse</strong></span> <span class='ocrx_word' id='word_1_77' title='bbox 834 1362 908 1425; x_wconf 88' lang='lat' dir='ltr'><strong>spes</strong></span> <span class='ocrx_word' id='word_1_78' title='bbox 933 1341 1067 1405; x_wconf 91' lang='lat' dir='ltr'><strong>sitnon</strong></span> <span class='ocrx_word' id='word_1_79' title='bbox 1087 1341 1294 1407; x_wconf 85' lang='lat' dir='ltr'><strong>mediocriter</strong></span> 
     </span>
     <span class='ocr_line' id='line_1_11' title="bbox 150 1446 1293 1533; baseline 0 -20"><span class='ocrx_word' id='word_1_80' title='bbox 150 1448 351 1532; x_wconf 81' lang='lat' dir='ltr'><strong>quarundam</strong></span> <span class='ocrx_word' id='word_1_81' title='bbox 371 1446 553 1512; x_wconf 86' lang='lat' dir='ltr'><strong>fabularum</strong></span> <span class='ocrx_word' id='word_1_82' title='bbox 573 1447 792 1512; x_wconf 89' lang='lat' dir='ltr'><strong>emendationi</strong></span> <span class='ocrx_word' id='word_1_83' title='bbox 810 1446 982 1532; x_wconf 85' lang='lat' dir='ltr'><strong>profutura</strong></span> <span class='ocrx_word' id='word_1_84' title='bbox 1001 1468 1072 1512; x_wconf 90' lang='lat' dir='ltr'><strong>esse</strong></span> <span class='ocrx_word' id='word_1_85' title='bbox 1090 1449 1215 1533; x_wconf 83' lang='lat' dir='ltr'><strong>partim</strong></span> <span class='ocrx_word' id='word_1_86' title='bbox 1230 1449 1293 1513; x_wconf 90' lang='lat' dir='ltr'><strong>iam</strong></span> 
     </span>
     <span class='ocr_line' id='line_1_12' title="bbox 149 1554 1075 1640; baseline 0.001 -20"><span class='ocrx_word' id='word_1_87' title='bbox 149 1557 307 1620; x_wconf 88' lang='lat' dir='ltr'><strong>editarum</strong></span> <span class='ocrx_word' id='word_1_88' title='bbox 333 1554 467 1619; x_wconf 86' lang='lat' dir='ltr'><strong>anobis</strong></span> <span class='ocrx_word' id='word_1_89' title='bbox 491 1555 611 1638; x_wconf 89' lang='lat' dir='ltr'><strong>partim</strong></span> <span class='ocrx_word' id='word_1_90' title='bbox 635 1555 877 1619; x_wconf 85' lang='lat' dir='ltr'><strong>tractandarum</strong></span> <span class='ocrx_word' id='word_1_91' title='bbox 901 1554 1075 1640; x_wconf 89' lang='lat' dir='ltr'><strong>deinceps’.</strong></span> 
     </span>
    </p>

    <p class='ocr_par' dir='ltr' id='par_1_4' title="bbox 149 1659 1296 3453">
     <span class='ocr_line' id='line_1_13' title="bbox 239 1659 1295 1747; baseline -0.001 -21"><span class='ocrx_word' id='word_1_92' title='bbox 239 1662 409 1726; x_wconf 87' lang='lat' dir='ltr'><strong>Praeterea</strong></span> <span class='ocrx_word' id='word_1_93' title='bbox 428 1661 468 1724; x_wconf 88' lang='lat' dir='ltr'><strong>ad</strong></span> <span class='ocrx_word' id='word_1_94' title='bbox 484 1660 616 1726; x_wconf 91' lang='lat' dir='ltr'><strong>Persam</strong></span> <span class='ocrx_word' id='word_1_95' title='bbox 636 1665 820 1746; x_wconf 82' lang='lat' dir='ltr'><strong>spectantes</strong></span> <span class='ocrx_word' id='word_1_96' title='bbox 839 1661 995 1727; x_wconf 88' lang='lat' dir='ltr'><strong>lectiones</strong></span> <span class='ocrx_word' id='word_1_97' title='bbox 1015 1659 1295 1747; x_wconf 86' lang='lat' dir='ltr'><strong>Scaligeranas</strong></span> 
     </span>
     <span class='ocr_line' id='line_1_14' title="bbox 151 1768 1295 1854; baseline -0.002 -19"><span class='ocrx_word' id='word_1_98' title='bbox 151 1771 259 1854; x_wconf 87' lang='lat' dir='ltr'><strong>aliquo</strong></span> <span class='ocrx_word' id='word_1_99' title='bbox 288 1769 513 1853; x_wconf 88' lang='lat' dir='ltr'><strong>supplemento</strong></span> <span class='ocrx_word' id='word_1_100' title='bbox 543 1769 684 1854; x_wconf 84' lang='lat' dir='ltr'><strong>augebat</strong></span> <span class='ocrx_word' id='word_1_101' title='bbox 708 1768 904 1834; x_wconf 81' lang='lat' dir='ltr'><strong>Ritschelius</strong></span> <span class='ocrx_word' id='word_1_102' title='bbox 933 1768 1031 1853; x_wconf 74' lang='lat' dir='ltr'><strong>‘quod</strong></span> <span class='ocrx_word' id='word_1_103' title='bbox 1059 1790 1099 1833; x_wconf 87' lang='lat' dir='ltr'><strong>ex</strong></span> <span class='ocrx_word' id='word_1_104' title='bbox 1126 1768 1295 1852; x_wconf 85' lang='lat' dir='ltr'><strong>impressis</strong></span> 
     </span>
     <span class='ocr_line' id='line_1_15' title="bbox 150 1874 1293 1941; baseline -0.003 0"><span class='ocrx_word' id='word_1_105' title='bbox 150 1877 244 1941; x_wconf 92' lang='lat' dir='ltr'><strong>libris</strong></span> <span class='ocrx_word' id='word_1_106' title='bbox 272 1875 483 1939; x_wconf 88' lang='lat' dir='ltr'><strong>Leidensibus</strong></span> <span class='ocrx_word' id='word_1_107' title='bbox 507 1874 596 1940; x_wconf 93' lang='lat' dir='ltr'><strong>XlIl.</strong></span> <span class='ocrx_word' id='word_1_108' title='bbox 620 1875 659 1939; x_wconf 89' lang='lat' dir='ltr'><strong>D.</strong></span> <span class='ocrx_word' id='word_1_109' title='bbox 679 1877 743 1940; x_wconf 86' lang='grc'><strong>203</strong></span> <span class='ocrx_word' id='word_1_110' title='bbox 773 1879 806 1940; x_wconf 90' lang='lat' dir='ltr'><strong>et</strong></span> <span class='ocrx_word' id='word_1_111' title='bbox 829 1876 895 1940; x_wconf 92' lang='grc'><strong>204</strong></span> <span class='ocrx_word' id='word_1_112' title='bbox 924 1881 957 1941; x_wconf 90' lang='lat' dir='ltr'><strong>et</strong></span> <span class='ocrx_word' id='word_1_113' title='bbox 984 1874 1077 1940; x_wconf 85' lang='lat' dir='ltr'><strong>XIII.</strong></span> <span class='ocrx_word' id='word_1_114' title='bbox 1100 1875 1139 1940; x_wconf 87' lang='grc' dir='ltr'><strong>Ο.</strong></span> <span class='ocrx_word' id='word_1_115' title='bbox 1158 1876 1226 1941; x_wconf 88' lang='grc'><strong>244</strong></span> <span class='ocrx_word' id='word_1_116' title='bbox 1256 1875 1293 1939; x_wconf 92' lang='lat' dir='ltr'><strong>ab</strong></span> 
     </span>
     <span class='ocr_line' id='line_1_16' title="bbox 149 1981 1295 2069; baseline 0 -22"><span class='ocrx_word' id='word_1_117' title='bbox 149 1983 299 2069; x_wconf 82' lang='lat' dir='ltr'><strong>Eugenio</strong></span> <span class='ocrx_word' id='word_1_118' title='bbox 323 1981 467 2047; x_wconf 86' lang='lat' dir='ltr'><strong>Mehlero</strong></span> <span class='ocrx_word' id='word_1_119' title='bbox 497 1986 608 2047; x_wconf 92' lang='lat' dir='ltr'><strong>nostro</strong></span> <span class='ocrx_word' id='word_1_120' title='bbox 636 1983 787 2047; x_wconf 88' lang='lat' dir='ltr'><strong>haustum</strong></span> <span class='ocrx_word' id='word_1_121' title='bbox 817 2005 902 2048; x_wconf 89' lang='lat' dir='ltr'><strong>nunc</strong></span> <span class='ocrx_word' id='word_1_122' title='bbox 926 1983 1031 2068; x_wconf 90' lang='lat' dir='ltr'><strong>ipsum</strong></span> <span class='ocrx_word' id='word_1_123' title='bbox 1055 1981 1209 2047; x_wconf 89' lang='lat' dir='ltr'><strong>Bonnam</strong></span> <span class='ocrx_word' id='word_1_124' title='bbox 1232 1987 1295 2047; x_wconf 86' lang='lat' dir='ltr'><strong>trs·</strong></span> 
     </span>
     <span class='ocr_line' id='line_1_17' title="bbox 150 2087 1294 2173; baseline -0.003 -19"><span class='ocrx_word' id='word_1_125' title='bbox 150 2087 313 2154; x_wconf 88' lang='lat' dir='ltr'><strong>mittitur&#39;.</strong></span> <span class='ocrx_word' id='word_1_126' title='bbox 360 2088 501 2153; x_wconf 90' lang='lat' dir='ltr'><strong>Protulit</strong></span> <span class='ocrx_word' id='word_1_127' title='bbox 530 2093 637 2153; x_wconf 88' lang='lat' dir='ltr'><strong>autem</strong></span> <span class='ocrx_word' id='word_1_128' title='bbox 666 2110 792 2172; x_wconf 88' lang='lat' dir='ltr'><strong>omnes,</strong></span> <span class='ocrx_word' id='word_1_129' title='bbox 816 2088 865 2154; x_wconf 74' lang='lat' dir='ltr'><strong>‘ut</strong></span> <span class='ocrx_word' id='word_1_130' title='bbox 888 2090 986 2155; x_wconf 88' lang='lat' dir='ltr'><strong>semel</strong></span> <span class='ocrx_word' id='word_1_131' title='bbox 1010 2089 1121 2173; x_wconf 83' lang='lat' dir='ltr'><strong>aliquo</strong></span> <span class='ocrx_word' id='word_1_132' title='bbox 1147 2088 1294 2172; x_wconf 85' lang='lat' dir='ltr'><strong>exemplo</strong></span> 
     </span>
     <span class='ocr_line' id='line_1_18' title="bbox 149 2187 1294 2280; baseline 0.001 -22"><span class='ocrx_word' id='word_1_133' title='bbox 149 2195 371 2279; x_wconf 82' lang='lat' dir='ltr'><strong>intellegatur,</strong></span> <span class='ocrx_word' id='word_1_134' title='bbox 395 2216 459 2259; x_wconf 88' lang='lat' dir='ltr'><strong>non</strong></span> <span class='ocrx_word' id='word_1_135' title='bbox 484 2194 646 2259; x_wconf 86' lang='lat' dir='ltr'><strong>immerito</strong></span> <span class='ocrx_word' id='word_1_136' title='bbox 671 2196 775 2260; x_wconf 87' lang='lat' dir='ltr'><strong>multa</strong></span> <span class='ocrx_word' id='word_1_137' title='bbox 798 2196 958 2279; x_wconf 88' lang='lat' dir='ltr'><strong>supprimi</strong></span> <span class='ocrx_word' id='word_1_138' title='bbox 978 2217 997 2260; x_wconf 90' lang='lat' dir='ltr'><strong>a</strong></span> <span class='ocrx_word' id='word_1_139' title='bbox 1015 2187 1067 2259; x_wconf 89' lang='lat' dir='ltr'><strong>me</strong></span> <span class='ocrx_word' id='word_1_140' title='bbox 1087 2195 1195 2261; x_wconf 86' lang='lat' dir='ltr'><strong>solere</strong></span> <span class='ocrx_word' id='word_1_141' title='bbox 1216 2217 1294 2280; x_wconf 85' lang='lat' dir='ltr'><strong>quse</strong></span> 
     </span>
     <span class='ocr_line' id='line_1_19' title="bbox 149 2299 1295 2387; baseline -0.001 -22"><span class='ocrx_word' id='word_1_142' title='bbox 149 2302 232 2366; x_wconf 92' lang='lat' dir='ltr'><strong>nulli</strong></span> <span class='ocrx_word' id='word_1_143' title='bbox 256 2324 326 2366; x_wconf 90' lang='lat' dir='ltr'><strong>esse</strong></span> <span class='ocrx_word' id='word_1_144' title='bbox 350 2302 423 2365; x_wconf 88' lang='lat' dir='ltr'><strong>usui</strong></span> <span class='ocrx_word' id='word_1_145' title='bbox 446 2301 630 2384; x_wconf 86' lang='lat' dir='ltr'><strong>rideantur,</strong></span> <span class='ocrx_word' id='word_1_146' title='bbox 654 2302 773 2386; x_wconf 92' lang='lat' dir='ltr'><strong>quippe</strong></span> <span class='ocrx_word' id='word_1_147' title='bbox 797 2306 854 2366; x_wconf 89' lang='lat' dir='ltr'><strong>aut</strong></span> <span class='ocrx_word' id='word_1_148' title='bbox 876 2323 942 2366; x_wconf 92' lang='lat' dir='ltr'><strong>non</strong></span> <span class='ocrx_word' id='word_1_149' title='bbox 964 2302 1046 2366; x_wconf 90' lang='lat' dir='ltr'><strong>satis</strong></span> <span class='ocrx_word' id='word_1_150' title='bbox 1069 2301 1174 2387; x_wconf 87' lang='lat' dir='ltr'><strong>digna</strong></span> <span class='ocrx_word' id='word_1_151' title='bbox 1197 2299 1295 2367; x_wconf 82' lang='lat' dir='ltr'><strong>Scsli·</strong></span> 
     </span>
     <span class='ocr_line' id='line_1_20' title="bbox 150 2406 1296 2495; baseline -0.002 -21"><span class='ocrx_word' id='word_1_152' title='bbox 150 2410 263 2495; x_wconf 86' lang='lat' dir='ltr'><strong>gerani</strong></span> <span class='ocrx_word' id='word_1_153' title='bbox 286 2409 427 2474; x_wconf 89' lang='lat' dir='ltr'><strong>nominis</strong></span> <span class='ocrx_word' id='word_1_154' title='bbox 452 2408 621 2492; x_wconf 91' lang='lat' dir='ltr'><strong>splendore</strong></span> <span class='ocrx_word' id='word_1_155' title='bbox 644 2406 764 2492; x_wconf 83' lang='lat' dir='ltr'><strong>(maior</strong></span> <span class='ocrx_word' id='word_1_156' title='bbox 787 2410 873 2473; x_wconf 92' lang='lat' dir='ltr'><strong>enim</strong></span> <span class='ocrx_word' id='word_1_157' title='bbox 895 2409 928 2473; x_wconf 89' lang='lat' dir='ltr'><strong>in</strong></span> <span class='ocrx_word' id='word_1_158' title='bbox 948 2409 1006 2474; x_wconf 91' lang='lat' dir='ltr'><strong>illo</strong></span> <span class='ocrx_word' id='word_1_159' title='bbox 1025 2409 1219 2475; x_wconf 88' lang='lat' dir='ltr'><strong>recentioris</strong></span> <span class='ocrx_word' id='word_1_160' title='bbox 1237 2408 1296 2473; x_wconf 88' lang='lat' dir='ltr'><strong>fuit</strong></span> 
     </span>
     <span class='ocr_line' id='line_1_21' title="bbox 150 2514 1295 2602; baseline 0.001 -22"><span class='ocrx_word' id='word_1_161' title='bbox 150 2540 247 2601; x_wconf 89' lang='lat' dir='ltr'><strong>quam</strong></span> <span class='ocrx_word' id='word_1_162' title='bbox 272 2517 389 2580; x_wconf 83' lang='lat' dir='ltr'><strong>veteris</strong></span> <span class='ocrx_word' id='word_1_163' title='bbox 414 2516 493 2579; x_wconf 88' lang='lat' dir='ltr'><strong>artis</strong></span> <span class='ocrx_word' id='word_1_164' title='bbox 518 2515 670 2580; x_wconf 80' lang='lat' dir='ltr'><strong>metricae</strong></span> <span class='ocrx_word' id='word_1_165' title='bbox 694 2515 816 2580; x_wconf 88' lang='lat' dir='ltr'><strong>latinae</strong></span> <span class='ocrx_word' id='word_1_166' title='bbox 839 2514 981 2602; x_wconf 82' lang='lat' dir='ltr'><strong>peritia),</strong></span> <span class='ocrx_word' id='word_1_167' title='bbox 1005 2520 1063 2580; x_wconf 89' lang='lat' dir='ltr'><strong>aut</strong></span> <span class='ocrx_word' id='word_1_168' title='bbox 1085 2516 1186 2581; x_wconf 92' lang='lat' dir='ltr'><strong>nimis</strong></span> <span class='ocrx_word' id='word_1_169' title='bbox 1206 2515 1295 2599; x_wconf 83' lang='lat' dir='ltr'><strong>levia,</strong></span> 
     </span>
     <span class='ocr_line' id='line_1_22' title="bbox 150 2622 1294 2707; baseline -0.002 -19"><span class='ocrx_word' id='word_1_170' title='bbox 150 2629 206 2688; x_wconf 85' lang='lat' dir='ltr'><strong>sut</strong></span> <span class='ocrx_word' id='word_1_171' title='bbox 233 2625 323 2707; x_wconf 92' lang='lat' dir='ltr'><strong>prius</strong></span> <span class='ocrx_word' id='word_1_172' title='bbox 352 2623 483 2687; x_wconf 86' lang='lat' dir='ltr'><strong>inventa</strong></span> <span class='ocrx_word' id='word_1_173' title='bbox 511 2623 552 2686; x_wconf 92' lang='lat' dir='ltr'><strong>ab</strong></span> <span class='ocrx_word' id='word_1_174' title='bbox 583 2622 657 2685; x_wconf 89' lang='lat' dir='ltr'><strong>aliis</strong></span> <span class='ocrx_word' id='word_1_175' title='bbox 687 2622 813 2707; x_wconf 88' lang='lat' dir='ltr'><strong>sibique</strong></span> <span class='ocrx_word' id='word_1_176' title='bbox 841 2623 979 2706; x_wconf 83' lang='lat' dir='ltr'><strong>probata</strong></span> <span class='ocrx_word' id='word_1_177' title='bbox 1009 2627 1151 2688; x_wconf 88' lang='lat' dir='ltr'><strong>tantum.</strong></span> <span class='ocrx_word' id='word_1_178' title='bbox 1198 2622 1294 2687; x_wconf 80' lang='lat' dir='ltr'><strong>Vides</strong></span> 
     </span>
     <span class='ocr_line' id='line_1_23' title="bbox 149 2729 1292 2815; baseline -0.002 -20"><span class='ocrx_word' id='word_1_179' title='bbox 149 2730 325 2795; x_wconf 84' lang='lat' dir='ltr'><strong>ludibunda</strong></span> <span class='ocrx_word' id='word_1_180' title='bbox 353 2752 449 2793; x_wconf 90' lang='lat' dir='ltr'><strong>manu</strong></span> <span class='ocrx_word' id='word_1_181' title='bbox 480 2729 583 2792; x_wconf 91' lang='lat' dir='ltr'><strong>mults</strong></span> <span class='ocrx_word' id='word_1_182' title='bbox 611 2729 701 2793; x_wconf 91' lang='lat' dir='ltr'><strong>illum</strong></span> <span class='ocrx_word' id='word_1_183' title='bbox 730 2729 844 2794; x_wconf 88' lang='lat' dir='ltr'><strong>iecisse</strong></span> <span class='ocrx_word' id='word_1_184' title='bbox 871 2731 979 2813; x_wconf 90' lang='lat' dir='ltr'><strong>potius</strong></span> <span class='ocrx_word' id='word_1_185' title='bbox 1008 2731 1096 2796; x_wconf 88' lang='lat' dir='ltr'><strong>inter</strong></span> <span class='ocrx_word' id='word_1_186' title='bbox 1124 2729 1292 2815; x_wconf 88' lang='lat' dir='ltr'><strong>legendum</strong></span> 
     </span>
     <span class='ocr_line' id='line_1_24' title="bbox 151 2835 1292 2921; baseline -0.002 -20"><span class='ocrx_word' id='word_1_187' title='bbox 151 2860 257 2921; x_wconf 89' lang='lat' dir='ltr'><strong>quam,</strong></span> <span class='ocrx_word' id='word_1_188' title='bbox 275 2836 359 2921; x_wconf 92' lang='lat' dir='ltr'><strong>quod</strong></span> <span class='ocrx_word' id='word_1_189' title='bbox 376 2840 444 2900; x_wconf 89' lang='lat' dir='ltr'><strong>tum</strong></span> <span class='ocrx_word' id='word_1_190' title='bbox 459 2857 524 2900; x_wconf 89' lang='lat' dir='ltr'><strong>non</strong></span> <span class='ocrx_word' id='word_1_191' title='bbox 540 2837 667 2920; x_wconf 82' lang='lat' dir='ltr'><strong>egebat,</strong></span> <span class='ocrx_word' id='word_1_192' title='bbox 686 2835 839 2900; x_wconf 86' lang='lat' dir='ltr'><strong>meditate</strong></span> <span class='ocrx_word' id='word_1_193' title='bbox 854 2835 1049 2902; x_wconf 86' lang='lat' dir='ltr'><strong>coniecisse&#39;.</strong></span> <span class='ocrx_word' id='word_1_194' title='bbox 1087 2836 1292 2902; x_wconf 84' lang='lat' dir='ltr'><strong>Accedebant</strong></span> 
     </span>
     <span class='ocr_line' id='line_1_25' title="bbox 149 2940 1291 3028; baseline 0.001 -20"><span class='ocrx_word' id='word_1_195' title='bbox 149 2943 200 3008; x_wconf 91' lang='lat' dir='ltr'><strong>his</strong></span> <span class='ocrx_word' id='word_1_196' title='bbox 226 2942 470 3006; x_wconf 80' lang='lat' dir='ltr'><strong>Salrnosiana</strong></span> <span class='ocrx_word' id='word_1_197' title='bbox 494 2964 511 3006; x_wconf 89' lang='lat' dir='ltr'><strong>e</strong></span> <span class='ocrx_word' id='word_1_198' title='bbox 535 2942 619 3006; x_wconf 90' lang='lat' dir='ltr'><strong>libro</strong></span> <span class='ocrx_word' id='word_1_199' title='bbox 644 2943 720 3007; x_wconf 88' lang='lat' dir='ltr'><strong>item</strong></span> <span class='ocrx_word' id='word_1_200' title='bbox 745 2940 895 3008; x_wconf 86' lang='lat' dir='ltr'><strong>Leidensi</strong></span> <span class='ocrx_word' id='word_1_201' title='bbox 914 2943 985 3008; x_wconf 90' lang='lat' dir='ltr'>XII.</span> <span class='ocrx_word' id='word_1_202' title='bbox 1008 2942 1046 3019; x_wconf 81' lang='lat' dir='ltr'><strong>Q.</strong></span> <span class='ocrx_word' id='word_1_203' title='bbox 1068 2945 1131 3008; x_wconf 92' lang='grc'><strong>177</strong></span> <span class='ocrx_word' id='word_1_204' title='bbox 1158 2949 1192 3009; x_wconf 91' lang='lat' dir='ltr'><strong>et</strong></span> <span class='ocrx_word' id='word_1_205' title='bbox 1215 2964 1291 3028; x_wconf 79' lang='lat' dir='ltr'><strong>quac</strong></span> 
     </span>
     <span class='ocr_line' id='line_1_26' title="bbox 149 3048 1290 3134; baseline 0 -21"><span class='ocrx_word' id='word_1_206' title='bbox 149 3049 296 3113; x_wconf 88' lang='lat' dir='ltr'><strong>Leidensi</strong></span> <span class='ocrx_word' id='word_1_207' title='bbox 317 3048 403 3113; x_wconf 87' lang='lat' dir='ltr'>XXI.</span> <span class='ocrx_word' id='word_1_208' title='bbox 422 3048 531 3114; x_wconf 90' lang='lat' dir='ltr'><strong>Burm.</strong></span> <span class='ocrx_word' id='word_1_209' title='bbox 554 3048 592 3112; x_wconf 92' lang='lat' dir='ltr'><strong>D.</strong></span> <span class='ocrx_word' id='word_1_210' title='bbox 611 3051 632 3113; x_wconf 86' lang='grc'>2</span> <span class='ocrx_word' id='word_1_211' title='bbox 655 3048 743 3113; x_wconf 89' lang='lat' dir='ltr'><strong>Iani</strong></span> <span class='ocrx_word' id='word_1_212' title='bbox 767 3048 920 3114; x_wconf 89' lang='lat' dir='ltr'><strong>Dousae</strong></span> <span class='ocrx_word' id='word_1_213' title='bbox 943 3072 1059 3115; x_wconf 90' lang='lat' dir='ltr'><strong>manus</strong></span> <span class='ocrx_word' id='word_1_214' title='bbox 1084 3052 1241 3134; x_wconf 84' lang='lat' dir='ltr'><strong>ascripsit</strong></span> <span class='ocrx_word' id='word_1_215' title='bbox 1258 3072 1290 3114; x_wconf 86' lang='lat' dir='ltr'><strong>er</strong></span> 
     </span>
     <span class='ocr_line' id='line_1_27' title="bbox 150 3155 1290 3242; baseline 0.003 -25"><span class='ocrx_word' id='word_1_216' title='bbox 150 3162 244 3239; x_wconf 88' lang='lat' dir='ltr'><strong>parte</strong></span> <span class='ocrx_word' id='word_1_217' title='bbox 281 3155 504 3221; x_wconf 75' lang='lat' dir='ltr'><strong>‘condonanda</strong></span> <span class='ocrx_word' id='word_1_218' title='bbox 541 3156 646 3242; x_wconf 88' lang='lat' dir='ltr'><strong>magis</strong></span> <span class='ocrx_word' id='word_1_219' title='bbox 683 3178 780 3240; x_wconf 89' lang='lat' dir='ltr'><strong>quam</strong></span> <span class='ocrx_word' id='word_1_220' title='bbox 818 3157 1114 3222; x_wconf 85' lang='lat' dir='ltr'><strong>commemoranda&#39;</strong></span> <span class='ocrx_word' id='word_1_221' title='bbox 1147 3157 1290 3242; x_wconf 86' lang='lat' dir='ltr'><strong>quodque</strong></span> 
     </span>
     <span class='ocr_line' id='line_1_28' title="bbox 150 3262 1290 3330; baseline 0 -4"><span class='ocrx_word' id='word_1_222' title='bbox 150 3263 333 3328; x_wconf 86' lang='lat' dir='ltr'><strong>Gronovius</strong></span> <span class='ocrx_word' id='word_1_223' title='bbox 358 3263 527 3327; x_wconf 86' lang='lat' dir='ltr'><strong>adnotavit</strong></span> <span class='ocrx_word' id='word_1_224' title='bbox 550 3264 583 3326; x_wconf 94' lang='lat' dir='ltr'><strong>in</strong></span> <span class='ocrx_word' id='word_1_225' title='bbox 608 3262 705 3328; x_wconf 86' lang='lat' dir='ltr'><strong>Gron.</strong></span> <span class='ocrx_word' id='word_1_226' title='bbox 728 3264 766 3326; x_wconf 95' lang='grc'><strong>17</strong></span> <span class='ocrx_word' id='word_1_227' title='bbox 794 3267 826 3327; x_wconf 90' lang='lat' dir='ltr'><strong>et</strong></span> <span class='ocrx_word' id='word_1_228' title='bbox 846 3262 1082 3328; x_wconf 86' lang='lat' dir='ltr'><strong>Rittershusius</strong></span> <span class='ocrx_word' id='word_1_229' title='bbox 1107 3263 1141 3328; x_wconf 91' lang='lat' dir='ltr'><strong>in</strong></span> <span class='ocrx_word' id='word_1_230' title='bbox 1161 3262 1203 3330; x_wconf 92' lang='lat' dir='ltr'><strong>D.</strong></span> <span class='ocrx_word' id='word_1_231' title='bbox 1221 3265 1290 3329; x_wconf 87' lang='lat'>181:</span> 
     </span>
     <span class='ocr_line' id='line_1_29' title="bbox 151 3369 1288 3453; baseline 0.001 -21"><span class='ocrx_word' id='word_1_232' title='bbox 151 3392 231 3453; x_wconf 88' lang='lat' dir='ltr'><strong>quse</strong></span> <span class='ocrx_word' id='word_1_233' title='bbox 260 3371 323 3435; x_wconf 83' lang='lat' dir='ltr'><strong>ism</strong></span> <span class='ocrx_word' id='word_1_234' title='bbox 355 3391 392 3433; x_wconf 86' lang='lat' dir='ltr'><strong>ex</strong></span> <span class='ocrx_word' id='word_1_235' title='bbox 421 3369 621 3452; x_wconf 87' lang='lat' dir='ltr'><strong>praefatione</strong></span> <span class='ocrx_word' id='word_1_236' title='bbox 650 3370 683 3432; x_wconf 92' lang='lat' dir='ltr'><strong>in</strong></span> <span class='ocrx_word' id='word_1_237' title='bbox 711 3369 921 3452; x_wconf 88' lang='lat' dir='ltr'><strong>appendicem</strong></span> <span class='ocrx_word' id='word_1_238' title='bbox 945 3370 1171 3436; x_wconf 86' lang='lat' dir='ltr'><strong>transferenda</strong></span> <span class='ocrx_word' id='word_1_239' title='bbox 1195 3375 1288 3436; x_wconf 89' lang='lat' dir='ltr'><strong>erant</strong></span> 
     </span>
    </p>

    <p class='ocr_par' dir='ltr' id='par_1_5' title="bbox 149 3474 1289 3988">
     <span class='ocr_line' id='line_1_30' title="bbox 238 3474 1289 3561; baseline 0.003 -22"><span class='ocrx_word' id='word_1_240' title='bbox 238 3476 286 3539; x_wconf 92' lang='lat' dir='ltr'><strong>De</strong></span> <span class='ocrx_word' id='word_1_241' title='bbox 320 3497 459 3561; x_wconf 84' lang='lat' dir='ltr'><strong>graeco</strong></span> <span class='ocrx_word' id='word_1_242' title='bbox 492 3474 648 3540; x_wconf 86' lang='lat' dir='ltr'><strong>fabulae</strong></span> <span class='ocrx_word' id='word_1_243' title='bbox 681 3476 892 3559; x_wconf 84' lang='lat' dir='ltr'><strong>exemplari</strong></span> <span class='ocrx_word' id='word_1_244' title='bbox 925 3476 1007 3540; x_wconf 89' lang='lat' dir='ltr'><strong>nihil</strong></span> <span class='ocrx_word' id='word_1_245' title='bbox 1041 3499 1102 3542; x_wconf 88' lang='lat' dir='ltr'><strong>nec</strong></span> <span class='ocrx_word' id='word_1_246' title='bbox 1136 3479 1209 3542; x_wconf 90' lang='lat' dir='ltr'><strong>sciri</strong></span> <span class='ocrx_word' id='word_1_247' title='bbox 1236 3499 1289 3541; x_wconf 90' lang='lat' dir='ltr'><strong>nec</strong></span> 
     </span>
     <span class='ocr_line' id='line_1_31' title="bbox 150 3583 1288 3668; baseline -0.001 -20"><span class='ocrx_word' id='word_1_248' title='bbox 150 3584 253 3648; x_wconf 87' lang='lat' dir='ltr'><strong>conici</strong></span> <span class='ocrx_word' id='word_1_249' title='bbox 277 3604 373 3668; x_wconf 89' lang='lat' dir='ltr'><strong>posse</strong></span> <span class='ocrx_word' id='word_1_250' title='bbox 398 3583 539 3647; x_wconf 84' lang='lat' dir='ltr'><strong>ridetur:</strong></span> <span class='ocrx_word' id='word_1_251' title='bbox 563 3604 667 3666; x_wconf 89' lang='lat' dir='ltr'><strong>neque</strong></span> <span class='ocrx_word' id='word_1_252' title='bbox 689 3604 770 3668; x_wconf 85' lang='lat' dir='ltr'><strong>quae</strong></span> <span class='ocrx_word' id='word_1_253' title='bbox 790 3583 828 3647; x_wconf 91' lang='lat' dir='ltr'><strong>de</strong></span> <span class='ocrx_word' id='word_1_254' title='bbox 848 3587 1021 3667; x_wconf 89' lang='lat' dir='ltr'><strong>tempore</strong></span> <span class='ocrx_word' id='word_1_255' title='bbox 1042 3588 1136 3649; x_wconf 82' lang='lat' dir='ltr'><strong>setus</strong></span> <span class='ocrx_word' id='word_1_256' title='bbox 1154 3586 1288 3668; x_wconf 91' lang='lat' dir='ltr'><strong>primum</strong></span> 
     </span>
     <span class='ocr_line' id='line_1_32' title="bbox 149 3688 1288 3758; baseline -0.001 -4"><span class='ocrx_word' id='word_1_257' title='bbox 149 3691 267 3754; x_wconf 89' lang='lat' dir='ltr'><strong>Persae</strong></span> <span class='ocrx_word' id='word_1_258' title='bbox 288 3691 366 3754; x_wconf 91' lang='lat' dir='ltr'><strong>olim</strong></span> <span class='ocrx_word' id='word_1_259' title='bbox 386 3690 529 3754; x_wconf 83' lang='lat' dir='ltr'><strong>effecisse</strong></span> <span class='ocrx_word' id='word_1_260' title='bbox 549 3690 610 3754; x_wconf 89' lang='lat' dir='ltr'><strong>sibi</strong></span> <span class='ocrx_word' id='word_1_261' title='bbox 629 3690 717 3754; x_wconf 79' lang='lat' dir='ltr'><strong>visus</strong></span> <span class='ocrx_word' id='word_1_262' title='bbox 737 3694 807 3756; x_wconf 92' lang='lat' dir='ltr'><strong>erat</strong></span> <span class='ocrx_word' id='word_1_263' title='bbox 821 3689 973 3755; x_wconf 86' lang='lat' dir='ltr'><strong>Goetzius</strong></span> <span class='ocrx_word' id='word_1_264' title='bbox 988 3690 1071 3755; x_wconf 91' lang='lat' dir='ltr'><strong>Mus.</strong></span> <span class='ocrx_word' id='word_1_265' title='bbox 1085 3690 1190 3758; x_wconf 83' lang='lat' dir='ltr'><strong>Rhen.</strong></span> <span class='ocrx_word' id='word_1_266' title='bbox 1204 3688 1288 3756; x_wconf 85' lang='lat' dir='ltr'><strong>XXX</strong></span> 
     </span>
     <span class='ocr_line' id='line_1_33' title="bbox 149 3793 1289 3884; baseline 0.003 -24"><span class='ocrx_word' id='word_1_267' title='bbox 149 3821 177 3881; x_wconf 90' lang='lat' dir='ltr'><strong>p.</strong></span> <span class='ocrx_word' id='word_1_268' title='bbox 190 3798 251 3862; x_wconf 88' lang='grc'><strong>162</strong></span> <span class='ocrx_word' id='word_1_269' title='bbox 264 3819 333 3882; x_wconf 92' lang='lat' dir='ltr'><strong>sqq.</strong></span> <span class='ocrx_word' id='word_1_270' title='bbox 353 3795 408 3884; x_wconf 89' lang='lat' dir='ltr'><strong>(cf.</strong></span> <span class='ocrx_word' id='word_1_271' title='bbox 423 3796 599 3862; x_wconf 88' lang='lat' dir='ltr'><strong>Lorenzius</strong></span> <span class='ocrx_word' id='word_1_272' title='bbox 619 3797 731 3861; x_wconf 91' lang='lat' dir='ltr'><strong>Pseud.</strong></span> <span class='ocrx_word' id='word_1_273' title='bbox 751 3822 781 3882; x_wconf 90' lang='lat' dir='ltr'><strong>p.</strong></span> <span class='ocrx_word' id='word_1_274' title='bbox 800 3793 881 3884; x_wconf 85' lang='grc'>243)</span> <span class='ocrx_word' id='word_1_275' title='bbox 902 3797 981 3862; x_wconf 86' lang='lat' dir='ltr'><strong>satis</strong></span> <span class='ocrx_word' id='word_1_276' title='bbox 1000 3797 1104 3862; x_wconf 89' lang='lat' dir='ltr'><strong>firmis</strong></span> <span class='ocrx_word' id='word_1_277' title='bbox 1123 3800 1186 3863; x_wconf 90' lang='lat' dir='ltr'><strong>niti</strong></span> <span class='ocrx_word' id='word_1_278' title='bbox 1205 3820 1289 3883; x_wconf 82' lang='lat' dir='ltr'><strong>urgu-</strong></span> 
     </span>
     <span class='ocr_line' id='line_1_34' title="bbox 149 3901 1203 3988; baseline 0.003 -20"><span class='ocrx_word' id='word_1_279' title='bbox 149 3906 268 3968; x_wconf 89' lang='lat' dir='ltr'><strong>mentis</strong></span> <span class='ocrx_word' id='word_1_280' title='bbox 293 3904 388 3968; x_wconf 91' lang='lat' dir='ltr'><strong>hodie</strong></span> <span class='ocrx_word' id='word_1_281' title='bbox 412 3905 481 3988; x_wconf 88' lang='lat' dir='ltr'><strong>ipse</strong></span> <span class='ocrx_word' id='word_1_282' title='bbox 505 3904 658 3969; x_wconf 88' lang='lat' dir='ltr'><strong>concedit.</strong></span> <span class='ocrx_word' id='word_1_283' title='bbox 702 3901 782 3968; x_wconf 80' lang='lat' dir='ltr'><strong>Sixii</strong></span> <span class='ocrx_word' id='word_1_284' title='bbox 807 3905 1001 3968; x_wconf 87' lang='lat' dir='ltr'><strong>sententiam</strong></span> <span class='ocrx_word' id='word_1_285' title='bbox 1026 3926 1094 3969; x_wconf 90' lang='lat' dir='ltr'><strong>non</strong></span> <span class='ocrx_word' id='word_1_286' title='bbox 1116 3907 1203 3971; x_wconf 83' lang='lat' dir='ltr'><strong>nori.</strong></span> 
     </span>
    </p>

    <p class='ocr_par' dir='ltr' id='par_1_6' title="bbox 148 4010 1285 4507">
     <span class='ocr_line' id='line_1_35' title="bbox 239 4010 1285 4098; baseline -0.001 -23"><span class='ocrx_word' id='word_1_287' title='bbox 239 4012 287 4076; x_wconf 91' lang='lat' dir='ltr'><strong>De</strong></span> <span class='ocrx_word' id='word_1_288' title='bbox 310 4034 559 4095; x_wconf 88' lang='lat' dir='ltr'><strong>personarum</strong></span> <span class='ocrx_word' id='word_1_289' title='bbox 586 4010 806 4075; x_wconf 91' lang='lat' dir='ltr'><strong>nominibus</strong></span> <span class='ocrx_word' id='word_1_290' title='bbox 831 4010 910 4075; x_wconf 86' lang='lat' dir='ltr'><strong>haec</strong></span> <span class='ocrx_word' id='word_1_291' title='bbox 933 4013 1112 4096; x_wconf 84' lang='lat' dir='ltr'><strong>repetenda</strong></span> <span class='ocrx_word' id='word_1_292' title='bbox 1135 4018 1232 4098; x_wconf 88' lang='lat' dir='ltr'><strong>atque</strong></span> <span class='ocrx_word' id='word_1_293' title='bbox 1253 4032 1285 4074; x_wconf 84' lang='lat' dir='ltr'><strong>ex</strong></span> 
     </span>
     <span class='ocr_line' id='line_1_36' title="bbox 149 4117 1282 4202; baseline -0.001 -21"><span class='ocrx_word' id='word_1_294' title='bbox 149 4122 240 4200; x_wconf 88' lang='lat' dir='ltr'><strong>parte</strong></span> <span class='ocrx_word' id='word_1_295' title='bbox 269 4119 489 4202; x_wconf 88' lang='lat' dir='ltr'><strong>persequenda</strong></span> <span class='ocrx_word' id='word_1_296' title='bbox 519 4140 588 4181; x_wconf 88' lang='lat' dir='ltr'><strong>esse</strong></span> <span class='ocrx_word' id='word_1_297' title='bbox 614 4118 771 4182; x_wconf 86' lang='lat' dir='ltr'><strong>videntur.</strong></span> <span class='ocrx_word' id='word_1_298' title='bbox 817 4117 897 4181; x_wconf 76' lang='lat' dir='ltr'><strong>‘Nec</strong></span> <span class='ocrx_word' id='word_1_299' title='bbox 925 4117 1021 4182; x_wconf 90' lang='lat' dir='ltr'><strong>fidem</strong></span> <span class='ocrx_word' id='word_1_300' title='bbox 1051 4140 1112 4184; x_wconf 85' lang='lat' dir='ltr'><strong>nec</strong></span> <span class='ocrx_word' id='word_1_301' title='bbox 1135 4120 1282 4184; x_wconf 86' lang='lat' dir='ltr'><strong>rationem</strong></span> 
     </span>
     <span class='ocr_line' id='line_1_37' title="bbox 148 4216 1283 4309; baseline 0.001 -23"><span class='ocrx_word' id='word_1_302' title='bbox 148 4224 247 4288; x_wconf 88' lang='lat' dir='ltr'><strong>habet</strong></span> <span class='ocrx_word' id='word_1_303' title='bbox 275 4226 438 4290; x_wconf 85' lang='lat' dir='ltr'><strong>tralaticia</strong></span> <span class='ocrx_word' id='word_1_304' title='bbox 462 4226 711 4290; x_wconf 71' lang='lat' dir='ltr'><strong>LEMNISELENE</strong></span> <span class='ocrx_word' id='word_1_305' title='bbox 740 4225 860 4309; x_wconf 87' lang='lat' dir='ltr'><strong>forma,</strong></span> <span class='ocrx_word' id='word_1_306' title='bbox 888 4229 954 4289; x_wconf 86' lang='lat' dir='ltr'><strong>tam</strong></span> <span class='ocrx_word' id='word_1_307' title='bbox 984 4216 1283 4293; x_wconf 83' lang='lat' dir='ltr'><strong>illaabhorrensa</strong></span> 
     </span>
     <span class='ocr_line' id='line_1_38' title="bbox 150 4330 1284 4417; baseline 0.004 -26"><span class='ocrx_word' id='word_1_308' title='bbox 150 4330 289 4394; x_wconf 87' lang='lat' dir='ltr'><strong>Plautini</strong></span> <span class='ocrx_word' id='word_1_309' title='bbox 315 4337 346 4395; x_wconf 90' lang='lat' dir='ltr'><strong>et</strong></span> <span class='ocrx_word' id='word_1_310' title='bbox 371 4335 498 4417; x_wconf 86' lang='lat' dir='ltr'><strong>generis</strong></span> <span class='ocrx_word' id='word_1_311' title='bbox 523 4340 556 4396; x_wconf 90' lang='lat' dir='ltr'><strong>et</strong></span> <span class='ocrx_word' id='word_1_312' title='bbox 578 4333 734 4417; x_wconf 88' lang='lat' dir='ltr'><strong>temporis</strong></span> <span class='ocrx_word' id='word_1_313' title='bbox 754 4333 871 4416; x_wconf 88' lang='lat' dir='ltr'><strong>indole,</strong></span> <span class='ocrx_word' id='word_1_314' title='bbox 895 4336 931 4395; x_wconf 93' lang='lat' dir='ltr'><strong>ut</strong></span> <span class='ocrx_word' id='word_1_315' title='bbox 950 4332 1205 4399; x_wconf 74' lang='lat' dir='ltr'><strong>Lumrusssnsss</strong></span> <span class='ocrx_word' id='word_1_316' title='bbox 1223 4333 1284 4397; x_wconf 84' lang='lat' dir='ltr'><strong>elle·</strong></span> 
     </span>
     <span class='ocr_line' id='line_1_39' title="bbox 150 4437 1282 4507; baseline 0.004 -9"><span class='ocrx_word' id='word_1_317' title='bbox 150 4437 247 4499; x_wconf 86' lang='lat' dir='ltr'><strong>renda</strong></span> <span class='ocrx_word' id='word_1_318' title='bbox 275 4443 361 4500; x_wconf 89' lang='lat' dir='ltr'><strong>esset</strong></span> <span class='ocrx_word' id='word_1_319' title='bbox 389 4441 582 4504; x_wconf 86' lang='lat' dir='ltr'><strong>necessitate</strong></span> <span class='ocrx_word' id='word_1_320' title='bbox 612 4440 800 4505; x_wconf 88' lang='lat' dir='ltr'><strong>certissima.</strong></span> <span class='ocrx_word' id='word_1_321' title='bbox 848 4439 969 4503; x_wconf 89' lang='lat' dir='ltr'><strong>Verum</strong></span> <span class='ocrx_word' id='word_1_322' title='bbox 997 4444 1151 4505; x_wconf 88' lang='lat' dir='ltr'><strong>neutrum</strong></span> <span class='ocrx_word' id='word_1_323' title='bbox 1178 4442 1282 4507; x_wconf 90' lang='lat' dir='ltr'><strong>horum</strong></span> 
     </span>
    </p>
   </div>
   <div class='ocr_carea' id='block_1_4' title="bbox 0 0 1460 5528">
    <p class='ocr_par' dir='ltr' id='par_1_7' title="bbox 0 0 1460 5528">
     <span class='ocr_line' id='line_1_40' title="bbox 0 0 1460 5528; baseline 0 0"><span class='ocrx_word' id='word_1_324' title='bbox 0 0 1460 5528; x_wconf 95' lang='lat' dir='ltr'><strong> </strong></span> 
     </span>
    </p>
   </div>
  </div>
 </body>
</html>
