2910 5528
119 39 1117 349 u

635 765 837 820 PRAEFATIO

629 925 778 992 Curculio

630 1033 831 1099 Mostellaria

629 1138 789 1205 Poenulus

630 1245 809 1311 Pseudolus

629 1353 759 1418 Rudens

629 1457 759 1524 Stichus

249 1565 410 1631 Videntur
441 1567 542 1651 igitur
571 1566 689 1630 codicis
717 1566 883 1629 cuiusdam
912 1565 1054 1631 Plautini
1081 1568 1176 1632 initio
1204 1574 1237 1632 et
1265 1568 1300 1633 in

159 1675 275 1757 medio,
287 1674 425 1738 fortasse
439 1674 538 1737 etiam
548 1674 581 1737 in
591 1673 653 1736 fine
663 1672 769 1736 mutili
778 1673 932 1756 reliquiae
942 1672 1051 1739 fuisse.
1073 1673 1218 1751 Quocum
1227 1675 1301 1740 vide

159 1801 237 1845 num
256 1779 337 1844 illud
361 1783 533 1863 congruat,
556 1779 643 1862 quod
666 1800 732 1843 uno
756 1780 826 1843 loco
850 1776 945 1864 (Adv.
967 1779 1047 1844 XVI
1070 1779 1107 1866 3)
1130 1781 1168 1845 de
1191 1781 1300 1846 ‘mem-

160 1884 317 1952 brauulis'
340 1886 493 1970 loquitur.
539 1885 652 1969 Neque
676 1886 902 1970 obloquemur,
930 1887 957 1951 si
981 1889 1031 1951 cui
1054 1894 1161 1953 certae
1184 1889 1300 1954 harum

161 1992 401 2058 comoediarum
433 1998 543 2077 partes
575 1992 680 2078 (velut
712 1994 959 2076 quaternionum
989 1995 1107 2080 aliquis
1135 1992 1303 2081 numerus)

160 2104 289 2164 tantum
318 2104 464 2164 servatae
487 2100 587 2164 fuisse
615 2101 798 2184 videantur,
825 2100 909 2164 unda
939 2101 1067 2165 facilius
1095 2102 1304 2185 explicaveris

162 2206 246 2290 quod
275 2206 448 2290 vestigium
473 2228 584 2271 eorum
615 2207 773 2271 remansit
795 2208 933 2291 nullum,
957 2208 1132 2292 eodemque
1159 2211 1303 2291 spectare

159 2319 297 2397 possunt
328 2333 410 2396 quae
437 2313 507 2395 ipse
535 2311 628 2376 dicit:
661 2311 848 2397 ‘aliquando
876 2315 910 2377 in
938 2315 1091 2398 aliquot
1118 2314 1304 2378 membra·

159 2440 230 2484 nas
253 2422 458 2502 pervetustus
482 2417 592 2483 incidi'
616 2418 711 2502 (Adv.
734 2418 813 2482 XIX
840 2419 902 2504 12).
939 2419 1110 2485 Praeterea
1132 2441 1205 2484 cum
1228 2420 1306 2484 levi·

158 2526 233 2590 cula
256 2524 397 2610 quadam
421 2531 604 2609 argumenti
628 2528 734 2609 specie
758 2525 790 2589 id
813 2526 847 2588 in
870 2549 938 2590 rem
957 2527 1065 2590 afferri
1083 2527 1195 2609 possit,
1218 2525 1303 2610 quod

159 2632 198 2696 de
226 2632 299 2696 sola
327 2629 470 2696 Poenulo
499 2632 618 2696 diserte
647 2637 786 2696 testatur
818 2655 888 2696 eam
917 2631 1115 2697 comoediam
1143 2633 1177 2695 in
1205 2654 1303 2696 mem·

160 2738 273 2803 branis
296 2737 360 2800 illis
384 2739 577 2820 pervetustis
601 2738 754 2819 scriptam
779 2738 879 2801 fuisse
902 2738 998 2824 (Adv.
1013 2736 1091 2802 XIX
1108 2735 1172 2822 12).
1214 2737 1304 2815 Quae

159 2865 212 2907 res
238 2848 311 2906 utut
334 2842 492 2927 sehabet,
515 2848 638 2907 certum
654 2849 703 2906 est
719 2865 776 2906 uec
791 2866 811 2908 a
824 2866 987 2928 quoquam
1011 2844 1174 2928 hucusque
1194 2843 1302 2908 obser-

161 2956 284 3031 vatum,
307 2948 467 3033 Turnebo,
486 2950 562 3013 dum
578 2949 772 3014 Adversaris
787 2951 910 3033 scribit,
928 2951 1196 3033 pretiosissimum
1211 2950 1303 3013 illum

161 3057 284 3120 librum
307 3078 373 3120 non
396 3056 461 3120 iam
485 3061 616 3139 praesto
635 3057 744 3120 fuisse.
781 3055 818 3120 Id
842 3057 927 3140 quod
951 3057 1025 3121 inde
1049 3078 1126 3120 sane
1144 3078 1210 3120 non
1228 3076 1302 3120 con-

160 3167 356 3244 sect-aueum,
375 3162 459 3246 quod
479 3184 638 3246 nusquam
657 3163 745 3226 velut
761 3162 809 3225 ita
828 3164 954 3228 scribit:
978 3163 1202 3243 membranae,
1222 3184 1304 3247 quae

157 3290 260 3354 penes
290 3290 340 3331 me
369 3268 460 3333 sunt'
494 3267 592 3352 ‘quas
620 3269 655 3332 in
678 3291 777 3333 mauu
800 3268 921 3336 habeo’
949 3269 1150 3354 ‘quaemihi
1175 3275 1303 3353 praesto

157 3373 259 3455 sunt',
282 3396 476 3458 quamquam
499 3375 552 3439 hic
576 3375 641 3439 illic
664 3378 730 3440 tale
755 3376 831 3460 quid
850 3399 927 3441 sane
951 3377 1195 3459 exspectaveris,
1218 3377 1303 3459 quod

156 3485 275 3547 contra
302 3501 428 3562 semper
455 3481 536 3543 talia
563 3482 685 3562 profert
713 3483 821 3565 qualia
849 3489 937 3547 sunt:
966 3481 1025 3546 ‘ita
1052 3483 1083 3545 in
1113 3482 1196 3546 libro
1221 3483 1304 3546 anti-

157 3587 316 3672 quissImo
341 3587 496 3670 scriptum
520 3586 660 3670 repcrI'
686 3589 781 3672 (opp.
806 3589 820 3651 Ι
841 3613 871 3672 p.
887 3591 939 3673 60,
959 3589 1028 3672 64):
1053 3588 1108 3652 sed
1138 3588 1304 3670 probabile

156 3693 240 3758 illud
258 3692 343 3776 inde,
362 3693 447 3775 quod
461 3693 543 3758 Adv.
557 3692 635 3757 XIX
654 3695 693 3757 12
713 3696 758 3758 sic
778 3696 928 3779 legimus:
947 3694 1118 3778 aliquando
1133 3695 1165 3757 in
1182 3695 1305 3778 aliquot

157 3800 366 3864 membranas
381 3805 584 3882 pervetustus
596 3800 702 3883 incidi,
716 3801 750 3863 iu
766 3801 882 3884 quibus
893 3803 1031 3883 scriptus
1041 3805 1112 3863 erat
1121 3799 1304 3862 Poenulus'.

155 3905 245 3971 Nam
269 3906 320 3969 cui
344 3906 377 3968 ln
400 3927 497 3970 manu
522 3906 602 3970 liber
625 3910 689 3988 cst,
712 3907 763 3970 vix
782 3908 828 3971 ita
847 3907 999 3991 loquitur.
1040 3903 1173 3968 Certum
1196 3909 1303 3967 autem

155 4013 199 4077 fit
219 4013 387 4097 omnisque
405 4012 452 4074 rei
471 4011 631 4076 dubitatio
653 4014 805 4076 eximitur
824 4015 896 4078 loco
918 4012 988 4093 illo,
1007 4010 1061 4072 ubi
1081 4009 1128 4072 sic
1147 4010 1209 4072 ait:
1234 4007 1304 4072 ‘ali-

156 4123 242 4204 quot
256 4118 463 4182 membranae
478 4140 557 4201 quas
574 4119 785 4201 aliquando
804 4115 939 4182 habui'
955 4114 1050 4198 (Adv.
1064 4113 1123 4176 XV
1140 4113 1182 4196 I).
1208 4112 1304 4177 Vide-

154 4231 215 4291 tur
238 4225 340 4310 igitur
363 4224 444 4288 olim
467 4225 663 4307 excerpsisse
687 4227 818 4308 librum,
846 4247 909 4308 quo
933 4225 1047 4306 postea
1070 4220 1117 4283 uti
1140 4220 1304 4304 nequibat

251 4330 319 4395 Iam
334 4353 416 4414 quae
436 4354 562 4396 summa
580 4333 626 4394 rei
641 4338 699 4415 est,
718 4332 843 4396 indoles
858 4331 944 4394 illius
964 4327 1082 4393 codicis
1102 4321 1303 4408 ‘pervetusti'

154 4433 223 4525 (sic
234 4442 363 4501 tantum
373 4460 438 4502 non
449 4460 574 4521 semper
584 4439 779 4521 appellatur)
796 4437 975 4502 accuratius
987 4434 1112 4498 videtur
1122 4432 1303 4495 definienda

153 4567 240 4611 esse.
287 4542 363 4607 Fuit
386 4550 494 4629 autem
517 4544 600 4607 liber
623 4545 763 4626 optimae
786 4548 893 4628 notae,
916 4543 947 4606 id
972 4540 1057 4625 quod
1080 4540 1110 4602 ei
1133 4540 1186 4622 qui
1207 4562 1305 4622 supra

152 4651 309 4719 conlecta
340 4651 596 4733 perlustraverit,
626 4650 659 4712 in
687 4651 797 4714 oculos
828 4649 970 4712 incurrit.
1018 4645 1126 4709 Verba
1153 4647 1186 4708 in
1210 4643 1303 4709 BCD

151 4759 291 4840 omissa,
310 4757 474 4840 integrum
490 4778 626 4839 versum,
645 4755 700 4839 qui
722 4756 755 4817 in
776 4752 837 4820 OD
856 4753 954 4835 deest,
978 4759 1156 4833 conservat,
1181 4775 1251 4817 curn
1274 4753 1304 4816 A

151 4865 291 4949 saepius
315 4863 479 4927 consentit
502 4864 534 4926 in
554 4862 694 4947 egregiis
713 4861 880 4944 scripturis
899 4861 1025 4926 diversa
1038 4857 1134 4924 BOD
1149 4859 1304 4923 librorum
