<?xml version="1.0" encoding="UTF-8"?>
<!DOCTYPE html PUBLIC "-//W3C//DTD XHTML 1.0 Transitional//EN"
    "http://www.w3.org/TR/xhtml1/DTD/xhtml1-transitional.dtd">
<html xmlns="http://www.w3.org/1999/xhtml" xml:lang="en" lang="en">
 <head>
  <title>
</title>
<meta http-equiv="Content-Type" content="text/html;charset=utf-8" />
  <meta name='ocr-system' content='tesseract 3.04.00' />
  <meta name='ocr-capabilities' content='ocr_page ocr_carea ocr_par ocr_line ocrx_word'/>
</head>
<body>
  <div class='ocr_page' id='page_1' title='image "./tmacciplauticom01schgoog_0698.png"; bbox 0 0 2910 5528; ppageno 0'>
   <div class='ocr_carea' id='block_1_1' title="bbox 62 702 1201 769">
    <p class='ocr_par' dir='ltr' id='par_1_1' title="bbox 62 702 1201 769">
     <span class='ocr_line' id='line_1_1' title="bbox 62 702 1201 769; baseline -0.001 -7"><span class='ocrx_word' id='word_1_1' title='bbox 62 712 164 763; x_wconf 82' lang='lat' dir='ltr'><strong><em>‘le-et</em></strong></span> <span class='ocrx_word' id='word_1_2' title='bbox 538 703 723 761; x_wconf 81' lang='lat' dir='ltr'><strong><em>APPENDIX</em></strong></span> <span class='ocrx_word' id='word_1_3' title='bbox 1139 702 1201 769; x_wconf 81' lang='grc'><strong><em>129</em></strong></span> 
     </span>
    </p>
   </div>
   <div class='ocr_carea' id='block_1_2' title="bbox 11 865 1274 4844">
    <p class='ocr_par' dir='ltr' id='par_1_2' title="bbox 55 865 1272 1493">
     <span class='ocr_line' id='line_1_2' title="bbox 151 865 1206 937; baseline -0.001 -16"><span class='ocrx_word' id='word_1_4' title='bbox 151 873 192 923; x_wconf 80' lang='lat' dir='ltr'><strong><em>ts.</em></strong></span> <span class='ocrx_word' id='word_1_5' title='bbox 205 865 405 932; x_wconf 79' lang='lat' dir='ltr'><strong><em>Qnienerintne</em></strong></span> <span class='ocrx_word' id='word_1_6' title='bbox 414 866 491 920; x_wconf 84' lang='lat' dir='ltr'><strong><em>recte</em></strong></span> <span class='ocrx_word' id='word_1_7' title='bbox 501 865 562 934; x_wconf 90' lang='lat' dir='ltr'><strong><em>(del.</em></strong></span> <span class='ocrx_word' id='word_1_8' title='bbox 572 867 671 932; x_wconf 81' lang='lat' dir='ltr'><strong><em>necne)</em></strong></span> <span class='ocrx_word' id='word_1_9' title='bbox 681 865 894 937; x_wconf 69' lang='lat' dir='ltr'><strong><em>Erpeleralnus</em></strong></span> <span class='ocrx_word' id='word_1_10' title='bbox 904 868 936 920; x_wconf 85' lang='lat' dir='ltr'><strong><em>in</em></strong></span> <span class='ocrx_word' id='word_1_11' title='bbox 944 866 1022 923; x_wconf 81' lang='lat' dir='ltr'><strong><em>Stud.</em></strong></span> <span class='ocrx_word' id='word_1_12' title='bbox 1034 866 1149 922; x_wconf 91' lang='lat' dir='ltr'><strong><em>Vindob.</em></strong></span> <span class='ocrx_word' id='word_1_13' title='bbox 1161 867 1206 920; x_wconf 90' lang='lat' dir='ltr'><strong><em>VI</em></strong></span> 
     </span>
     <span class='ocr_line' id='line_1_3' title="bbox 55 943 1202 1016; baseline -0.003 -13"><span class='ocrx_word' id='word_1_14' title='bbox 55 964 84 1016; x_wconf 88' lang='lat' dir='ltr'><strong><em>p.</em></strong></span> <span class='ocrx_word' id='word_1_15' title='bbox 98 950 171 1015; x_wconf 87' lang='grc'><strong><em>226,</em></strong></span> <span class='ocrx_word' id='word_1_16' title='bbox 193 947 308 1013; x_wconf 73' lang='lat' dir='ltr'><strong><em>sonasse</em></strong></span> <span class='ocrx_word' id='word_1_17' title='bbox 329 951 411 1000; x_wconf 86' lang='lat' dir='ltr'><strong><em>recte:</em></strong></span> <span class='ocrx_word' id='word_1_18' title='bbox 434 946 484 999; x_wconf 83' lang='lat' dir='ltr'><strong><em>elsi</em></strong></span> <span class='ocrx_word' id='word_1_19' title='bbox 506 945 622 998; x_wconf 74' lang='lat' dir='ltr'><strong><em>ridicule</em></strong></span> <span class='ocrx_word' id='word_1_20' title='bbox 645 943 809 1008; x_wconf 83' lang='lat' dir='ltr'><strong><em>Quienerint</em></strong></span> <span class='ocrx_word' id='word_1_21' title='bbox 832 948 950 1012; x_wconf 76' lang='lat' dir='ltr'><strong><em>fonnem</em></strong></span> <span class='ocrx_word' id='word_1_22' title='bbox 967 953 1066 1002; x_wconf 82' lang='lat' dir='ltr'><strong><em>certam</em></strong></span> <span class='ocrx_word' id='word_1_23' title='bbox 1084 962 1137 1001; x_wconf 87' lang='lat' dir='ltr'><strong><em>esse</em></strong></span> <span class='ocrx_word' id='word_1_24' title='bbox 1157 947 1202 1000; x_wconf 77' lang='lat' dir='ltr'><strong><em>‘en</em></strong></span> 
     </span>
     <span class='ocr_line' id='line_1_4' title="bbox 60 1025 1201 1095; baseline -0.002 -13"><span class='ocrx_word' id='word_1_25' title='bbox 60 1026 152 1082; x_wconf 79' lang='lat' dir='ltr'><strong><em>libris&#39;</em></strong></span> <span class='ocrx_word' id='word_1_26' title='bbox 171 1027 320 1095; x_wconf 81' lang='lat' dir='ltr'><strong><em>eonlendit,</em></strong></span> <span class='ocrx_word' id='word_1_27' title='bbox 337 1026 418 1095; x_wconf 73' lang='lat' dir='ltr'><strong><em>quasi</em></strong></span> <span class='ocrx_word' id='word_1_28' title='bbox 434 1026 527 1079; x_wconf 85' lang='lat' dir='ltr'><strong><em>miuus</em></strong></span> <span class='ocrx_word' id='word_1_29' title='bbox 540 1031 641 1079; x_wconf 78' lang='grc'><strong><em>66166</em></strong></span> <span class='ocrx_word' id='word_1_30' title='bbox 661 1025 705 1078; x_wconf 81' lang='lat' dir='ltr'><strong><em>‘eu</em></strong></span> <span class='ocrx_word' id='word_1_31' title='bbox 723 1026 813 1080; x_wconf 82' lang='lat' dir='ltr'><strong><em>libris’</em></strong></span> <span class='ocrx_word' id='word_1_32' title='bbox 828 1028 865 1081; x_wconf 85' lang='lat' dir='ltr'><strong><em>sit</em></strong></span> <span class='ocrx_word' id='word_1_33' title='bbox 878 1043 964 1081; x_wconf 87' lang='lat' dir='ltr'><strong><em>necne</em></strong></span> <span class='ocrx_word' id='word_1_34' title='bbox 980 1032 1041 1093; x_wconf 87' lang='grc'><strong><em>(666</em></strong></span> <span class='ocrx_word' id='word_1_35' title='bbox 1055 1041 1089 1079; x_wconf 88' lang='grc'><strong><em>66</em></strong></span> <span class='ocrx_word' id='word_1_36' title='bbox 1103 1027 1201 1080; x_wconf 84' lang='lat' dir='ltr'><strong><em>seribe-</em></strong></span> 
     </span>
     <span class='ocr_line' id='line_1_5' title="bbox 60 1104 1200 1175; baseline -0.002 -14"><span class='ocrx_word' id='word_1_37' title='bbox 60 1107 144 1161; x_wconf 84' lang='lat' dir='ltr'><strong><em>batur</em></strong></span> <span class='ocrx_word' id='word_1_38' title='bbox 161 1111 225 1161; x_wconf 84' lang='lat' dir='ltr'><strong><em>aute</em></strong></span> <span class='ocrx_word' id='word_1_39' title='bbox 245 1106 391 1172; x_wconf 69' lang='grc'><strong><em>11766166,</em></strong></span> <span class='ocrx_word' id='word_1_40' title='bbox 410 1106 466 1175; x_wconf 81' lang='lat' dir='ltr'><strong><em>al).</em></strong></span> <span class='ocrx_word' id='word_1_41' title='bbox 502 1104 543 1170; x_wconf 76' lang='lat' dir='ltr'><strong><em>Os.</em></strong></span> <span class='ocrx_word' id='word_1_42' title='bbox 562 1104 712 1159; x_wconf 73' lang='lat' dir='ltr'><strong><em>Muellerus</em></strong></span> <span class='ocrx_word' id='word_1_43' title='bbox 732 1106 811 1160; x_wconf 88' lang='lat' dir='ltr'><strong><em>Pros.</em></strong></span> <span class='ocrx_word' id='word_1_44' title='bbox 826 1123 857 1175; x_wconf 87' lang='lat' dir='ltr'><strong><em>p.</em></strong></span> <span class='ocrx_word' id='word_1_45' title='bbox 871 1110 938 1173; x_wconf 91' lang='grc'><strong><em>277,</em></strong></span> <span class='ocrx_word' id='word_1_46' title='bbox 958 1105 1094 1160; x_wconf 70' lang='lat' dir='ltr'><strong><em>‘Nodum&#39;</em></strong></span> <span class='ocrx_word' id='word_1_47' title='bbox 1111 1123 1141 1174; x_wconf 91' lang='lat' dir='ltr'><strong><em>p.</em></strong></span> <span class='ocrx_word' id='word_1_48' title='bbox 1156 1110 1200 1159; x_wconf 90' lang='grc'><strong><em>30.</em></strong></span> 
     </span>
     <span class='ocr_line' id='line_1_6' title="bbox 58 1179 1272 1254; baseline 0.001 -15"><span class='ocrx_word' id='word_1_49' title='bbox 58 1202 126 1240; x_wconf 87' lang='lat' dir='ltr'><strong><em>nnm</em></strong></span> <span class='ocrx_word' id='word_1_50' title='bbox 150 1183 267 1240; x_wconf 82' lang='lat' dir='ltr'><strong><em>ininerit</em></strong></span> <span class='ocrx_word' id='word_1_51' title='bbox 288 1186 443 1240; x_wconf 86' lang='lat' dir='ltr'><strong><em>Palmerius</em></strong></span> <span class='ocrx_word' id='word_1_52' title='bbox 466 1184 561 1254; x_wconf 81' lang='lat' dir='ltr'><strong><em>Spioil.</em></strong></span> <span class='ocrx_word' id='word_1_53' title='bbox 577 1202 607 1253; x_wconf 88' lang='lat' dir='ltr'><strong><em>p.</em></strong></span> <span class='ocrx_word' id='word_1_54' title='bbox 622 1187 679 1238; x_wconf 92' lang='grc'><strong><em>875</em></strong></span> <span class='ocrx_word' id='word_1_55' title='bbox 702 1190 727 1237; x_wconf 87' lang='grc'><strong><em>61</em></strong></span> <span class='ocrx_word' id='word_1_56' title='bbox 748 1186 798 1239; x_wconf 84' lang='lat' dir='ltr'><strong><em>lsoc</em></strong></span> <span class='ocrx_word' id='word_1_57' title='bbox 825 1186 881 1241; x_wconf 88' lang='lat' dir='ltr'><strong><em>loco</em></strong></span> <span class='ocrx_word' id='word_1_58' title='bbox 904 1186 1077 1241; x_wconf 77' lang='grc'><strong><em>61061617</em></strong></span> <span class='ocrx_word' id='word_1_59' title='bbox 1100 1186 1202 1240; x_wconf 86' lang='lat' dir='ltr'><strong><em>abusus</em></strong></span> <span class='ocrx_word' id='word_1_60' title='bbox 1266 1179 1272 1192; x_wconf 62' lang='lat'>‘</span> 
     </span>
     <span class='ocr_line' id='line_1_7' title="bbox 58 1263 1201 1337; baseline 0.001 -18"><span class='ocrx_word' id='word_1_61' title='bbox 58 1266 142 1320; x_wconf 79' lang='lat' dir='ltr'><strong><em>tacite</em></strong></span> <span class='ocrx_word' id='word_1_62' title='bbox 158 1267 312 1337; x_wconf 65' lang='lat' dir='ltr'><strong><em>frequento</em></strong></span> <span class='ocrx_word' id='word_1_63' title='bbox 331 1266 407 1333; x_wconf 87' lang='lat' dir='ltr'><strong><em>apud</em></strong></span> <span class='ocrx_word' id='word_1_64' title='bbox 427 1264 549 1318; x_wconf 88' lang='lat' dir='ltr'><strong><em>Paulum</em></strong></span> <span class='ocrx_word' id='word_1_65' title='bbox 564 1263 642 1317; x_wconf 85' lang='lat' dir='ltr'><strong><em>Festi</em></strong></span> <span class='ocrx_word' id='word_1_66' title='bbox 656 1282 687 1332; x_wconf 89' lang='lat' dir='ltr'><strong><em>p.</em></strong></span> <span class='ocrx_word' id='word_1_67' title='bbox 702 1270 812 1331; x_wconf 84' lang='lat' dir='ltr'><strong><em>11o,11</em></strong></span> <span class='ocrx_word' id='word_1_68' title='bbox 833 1267 866 1333; x_wconf 91' lang='lat' dir='ltr'><strong><em>(o.</em></strong></span> <span class='ocrx_word' id='word_1_69' title='bbox 881 1269 935 1320; x_wconf 90' lang='grc'><strong><em>241</em></strong></span> <span class='ocrx_word' id='word_1_70' title='bbox 950 1265 1013 1334; x_wconf 87' lang='lat' dir='ltr'><strong><em>W.),</em></strong></span> <span class='ocrx_word' id='word_1_71' title='bbox 1032 1268 1104 1336; x_wconf 81' lang='lat' dir='ltr'><strong><em>quod</em></strong></span> <span class='ocrx_word' id='word_1_72' title='bbox 1122 1268 1201 1322; x_wconf 86' lang='lat' dir='ltr'><strong><em>dubi·</em></strong></span> 
     </span>
     <span class='ocr_line' id='line_1_8' title="bbox 58 1342 1200 1412; baseline -0.001 -12"><span class='ocrx_word' id='word_1_73' title='bbox 58 1350 152 1400; x_wconf 78' lang='lat' dir='ltr'><strong><em>tanter</em></strong></span> <span class='ocrx_word' id='word_1_74' title='bbox 168 1346 207 1400; x_wconf 83' lang='lat' dir='ltr'><strong><em>ad</em></strong></span> <span class='ocrx_word' id='word_1_75' title='bbox 219 1347 293 1400; x_wconf 81' lang='lat' dir='ltr'><strong><em>bunc</em></strong></span> <span class='ocrx_word' id='word_1_76' title='bbox 305 1361 411 1399; x_wconf 73' lang='lat' dir='ltr'><strong><em>oneum</em></strong></span> <span class='ocrx_word' id='word_1_77' title='bbox 424 1345 557 1412; x_wconf 71' lang='lat' dir='ltr'><strong><em>referebat</em></strong></span> <span class='ocrx_word' id='word_1_78' title='bbox 572 1342 746 1398; x_wconf 81' lang='lat' dir='ltr'><strong><em>Camerarius</em></strong></span> <span class='ocrx_word' id='word_1_79' title='bbox 760 1344 791 1397; x_wconf 88' lang='lat' dir='ltr'><strong><em>in</em></strong></span> <span class='ocrx_word' id='word_1_80' title='bbox 805 1361 871 1399; x_wconf 90' lang='lat' dir='ltr'><strong><em>ann.</em></strong></span> <span class='ocrx_word' id='word_1_81' title='bbox 896 1362 962 1398; x_wconf 87' lang='lat' dir='ltr'><strong><em>nam</em></strong></span> <span class='ocrx_word' id='word_1_82' title='bbox 976 1343 1062 1399; x_wconf 83' lang='lat' dir='ltr'><strong><em>fuerit</em></strong></span> <span class='ocrx_word' id='word_1_83' title='bbox 1074 1345 1200 1399; x_wconf 71' lang='lat' dir='ltr'><strong><em>Baebius.</em></strong></span> 
     </span>
     <span class='ocr_line' id='line_1_9' title="bbox 59 1422 840 1493; baseline 0.003 -16"><span class='ocrx_word' id='word_1_84' title='bbox 59 1440 127 1478; x_wconf 84' lang='lat' dir='ltr'><strong><em>num</em></strong></span> <span class='ocrx_word' id='word_1_85' title='bbox 145 1425 171 1478; x_wconf 86' lang='lat' dir='ltr'><strong><em>is</em></strong></span> <span class='ocrx_word' id='word_1_86' title='bbox 190 1425 226 1492; x_wconf 76' lang='lat' dir='ltr'><strong><em>(le.</em></strong></span> <span class='ocrx_word' id='word_1_87' title='bbox 242 1441 262 1480; x_wconf 84' lang='lat' dir='ltr'><strong><em>e.</em></strong></span> <span class='ocrx_word' id='word_1_88' title='bbox 283 1422 334 1491; x_wconf 87' lang='lat' dir='ltr'><strong><em>eis)</em></strong></span> <span class='ocrx_word' id='word_1_89' title='bbox 352 1422 440 1479; x_wconf 83' lang='lat' dir='ltr'><strong><em>fuerit</em></strong></span> <span class='ocrx_word' id='word_1_90' title='bbox 456 1423 486 1477; x_wconf 73' lang='lat' dir='ltr'><strong><em>u</em></strong></span> <span class='ocrx_word' id='word_1_91' title='bbox 505 1424 549 1491; x_wconf 80' lang='lat' dir='ltr'><strong><em>(de</em></strong></span> <span class='ocrx_word' id='word_1_92' title='bbox 569 1422 707 1477; x_wconf 89' lang='lat' dir='ltr'><strong><em>Palmerio</em></strong></span> <span class='ocrx_word' id='word_1_93' title='bbox 725 1425 840 1493; x_wconf 81' lang='grc'><strong><em>66666).</em></strong></span> 
     </span>
    </p>

    <p class='ocr_par' dir='ltr' id='par_1_3' title="bbox 64 1500 1201 1653">
     <span class='ocr_line' id='line_1_10' title="bbox 151 1500 1201 1575; baseline 0.005 -19"><span class='ocrx_word' id='word_1_94' title='bbox 151 1508 194 1558; x_wconf 84' lang='lat' dir='ltr'><strong><em>sl.</em></strong></span> <span class='ocrx_word' id='word_1_95' title='bbox 215 1502 359 1559; x_wconf 79' lang='lat' dir='ltr'><strong><em>‘Fortasse</em></strong></span> <span class='ocrx_word' id='word_1_96' title='bbox 373 1520 424 1557; x_wconf 88' lang='grc'><strong><em>666</em></strong></span> <span class='ocrx_word' id='word_1_97' title='bbox 437 1501 492 1558; x_wconf 89' lang='lat' dir='ltr'><strong><em>sibi</em></strong></span> <span class='ocrx_word' id='word_1_98' title='bbox 505 1503 548 1556; x_wconf 83' lang='lat' dir='ltr'><strong><em>nt&#39;</em></strong></span> <span class='ocrx_word' id='word_1_99' title='bbox 560 1500 597 1555; x_wconf 72' lang='lat' dir='ltr'><strong><em>Il.</em></strong></span> <span class='ocrx_word' id='word_1_100' title='bbox 623 1500 664 1568; x_wconf 75' lang='lat' dir='ltr'><strong><em>Os·</em></strong></span> <span class='ocrx_word' id='word_1_101' title='bbox 679 1520 703 1557; x_wconf 88' lang='grc'><strong><em>6.</em></strong></span> <span class='ocrx_word' id='word_1_102' title='bbox 713 1508 767 1557; x_wconf 89' lang='grc'><strong><em>417</em></strong></span> <span class='ocrx_word' id='word_1_103' title='bbox 781 1504 952 1574; x_wconf 76' lang='lat' dir='ltr'><strong><em>(Spenpelius</em></strong></span> <span class='ocrx_word' id='word_1_104' title='bbox 967 1504 999 1560; x_wconf 86' lang='grc' dir='ltr'><strong><em>Τ.</em></strong></span> <span class='ocrx_word' id='word_1_105' title='bbox 1009 1505 1050 1559; x_wconf 85' lang='grc' dir='ltr'><strong><em>Μ.</em></strong></span> <span class='ocrx_word' id='word_1_106' title='bbox 1062 1506 1097 1559; x_wconf 89' lang='grc' dir='ltr'><strong><em>Ρ.</em></strong></span> <span class='ocrx_word' id='word_1_107' title='bbox 1102 1523 1132 1575; x_wconf 90' lang='lat' dir='ltr'><strong><em>p.</em></strong></span> <span class='ocrx_word' id='word_1_108' title='bbox 1145 1509 1201 1575; x_wconf 89' lang='grc'><strong><em>59).</em></strong></span> 
     </span>
     <span class='ocr_line' id='line_1_11' title="bbox 64 1582 561 1653; baseline -0.004 -15"><span class='ocrx_word' id='word_1_109' title='bbox 64 1583 136 1638; x_wconf 80' lang='lat' dir='ltr'><strong><em>Vide</em></strong></span> <span class='ocrx_word' id='word_1_110' title='bbox 154 1583 287 1638; x_wconf 79' lang='lat' dir='ltr'><strong><em>Ilotlsium</em></strong></span> <span class='ocrx_word' id='word_1_111' title='bbox 307 1582 415 1652; x_wconf 77' lang='lat' dir='ltr'><strong><em>Quaest.</em></strong></span> <span class='ocrx_word' id='word_1_112' title='bbox 434 1601 474 1653; x_wconf 77' lang='lat' dir='ltr'><strong><em>pr.</em></strong></span> <span class='ocrx_word' id='word_1_113' title='bbox 490 1601 520 1653; x_wconf 90' lang='lat' dir='ltr'><strong><em>p.</em></strong></span> <span class='ocrx_word' id='word_1_114' title='bbox 536 1587 561 1636; x_wconf 92' lang='lat'><strong><em>9.</em></strong></span> 
     </span>
    </p>

    <p class='ocr_par' dir='ltr' id='par_1_4' title="bbox 57 1662 1203 1890">
     <span class='ocr_line' id='line_1_12' title="bbox 151 1662 1203 1732; baseline 0.004 -14"><span class='ocrx_word' id='word_1_115' title='bbox 151 1669 195 1718; x_wconf 85' lang='grc'><strong><em>83.</em></strong></span> <span class='ocrx_word' id='word_1_116' title='bbox 214 1662 281 1732; x_wconf 89' lang='lat' dir='ltr'><strong><em>quoi</em></strong></span> <span class='ocrx_word' id='word_1_117' title='bbox 299 1662 339 1716; x_wconf 90' lang='lat' dir='ltr'><strong><em>mi</em></strong></span> <span class='ocrx_word' id='word_1_118' title='bbox 356 1662 400 1717; x_wconf 88' lang='lat' dir='ltr'><strong><em>ius</em></strong></span> <span class='ocrx_word' id='word_1_119' title='bbox 415 1664 450 1732; x_wconf 80' lang='lat' dir='ltr'><strong><em>(ls.</em></strong></span> <span class='ocrx_word' id='word_1_120' title='bbox 465 1681 486 1718; x_wconf 92' lang='lat' dir='ltr'><strong><em>e.</em></strong></span> <span class='ocrx_word' id='word_1_121' title='bbox 502 1662 573 1732; x_wconf 87' lang='lat' dir='ltr'><strong><em>eins)</em></strong></span> <span class='ocrx_word' id='word_1_122' title='bbox 588 1679 620 1716; x_wconf 85' lang='grc'><strong><em>66</em></strong></span> <span class='ocrx_word' id='word_1_123' title='bbox 636 1663 692 1716; x_wconf 84' lang='lat' dir='ltr'><strong><em>OD</em></strong></span> <span class='ocrx_word' id='word_1_124' title='bbox 705 1665 765 1719; x_wconf 89' lang='lat' dir='ltr'><strong><em>coll.</em></strong></span> <span class='ocrx_word' id='word_1_125' title='bbox 785 1665 908 1730; x_wconf 85' lang='lat' dir='ltr'><strong><em>Quorum</em></strong></span> <span class='ocrx_word' id='word_1_126' title='bbox 922 1681 1016 1719; x_wconf 89' lang='lat' dir='ltr'><strong><em>eorum</em></strong></span> <span class='ocrx_word' id='word_1_127' title='bbox 1036 1666 1112 1722; x_wconf 68' lang='lat' dir='ltr'><strong><em>Ibin.</em></strong></span> <span class='ocrx_word' id='word_1_128' title='bbox 1129 1671 1203 1722; x_wconf 88' lang='grc'><strong><em>1623</em></strong></span> 
     </span>
     <span class='ocr_line' id='line_1_13' title="bbox 57 1743 1202 1825; baseline 0.002 -27"><span class='ocrx_word' id='word_1_129' title='bbox 57 1744 113 1810; x_wconf 82' lang='lat' dir='ltr'><strong><em>des.</em></strong></span> <span class='ocrx_word' id='word_1_130' title='bbox 136 1743 311 1798; x_wconf 84' lang='lat' dir='ltr'><strong><em>Meuniers&#39;us</em></strong></span> <span class='ocrx_word' id='word_1_131' title='bbox 326 1743 419 1797; x_wconf 78' lang='lat' dir='ltr'><strong><em>‘Me&#39;m</em></strong></span> <span class='ocrx_word' id='word_1_132' title='bbox 438 1744 471 1797; x_wconf 91' lang='lat' dir='ltr'><strong><em>de</em></strong></span> <span class='ocrx_word' id='word_1_133' title='bbox 484 1744 512 1798; x_wconf 91' lang='lat' dir='ltr'><strong><em>la</em></strong></span> <span class='ocrx_word' id='word_1_134' title='bbox 526 1759 578 1798; x_wconf 84' lang='lat' dir='ltr'><strong><em>soe.</em></strong></span> <span class='ocrx_word' id='word_1_135' title='bbox 593 1744 626 1797; x_wconf 90' lang='lat' dir='ltr'><strong><em>de</em></strong></span> <span class='ocrx_word' id='word_1_136' title='bbox 640 1745 705 1812; x_wconf 79' lang='lat' dir='ltr'><strong><em>linp.</em></strong></span> <span class='ocrx_word' id='word_1_137' title='bbox 720 1746 753 1798; x_wconf 90' lang='lat' dir='ltr'><strong><em>de</em></strong></span> <span class='ocrx_word' id='word_1_138' title='bbox 770 1745 865 1799; x_wconf 87' lang='lat' dir='ltr'><strong><em>Paris&#39;</em></strong></span> <span class='ocrx_word' id='word_1_139' title='bbox 878 1746 898 1797; x_wconf 91' lang='lat' dir='ltr'><strong><em>I</em></strong></span> <span class='ocrx_word' id='word_1_140' title='bbox 911 1747 947 1814; x_wconf 87' lang='grc'><strong><em>(6.</em></strong></span> <span class='ocrx_word' id='word_1_141' title='bbox 966 1747 1051 1814; x_wconf 87' lang='grc'><strong><em>1868)</em></strong></span> <span class='ocrx_word' id='word_1_142' title='bbox 1061 1762 1091 1814; x_wconf 88' lang='lat' dir='ltr'><strong><em>p.</em></strong></span> <span class='ocrx_word' id='word_1_143' title='bbox 1102 1750 1202 1825; x_wconf 71' lang='grc'><strong><em>44666.</em></strong></span> 
     </span>
     <span class='ocr_line' id='line_1_14' title="bbox 60 1821 915 1890; baseline 0.002 -13"><span class='ocrx_word' id='word_1_144' title='bbox 60 1853 93 1863; x_wconf 92' lang='grc'><strong>-</strong></span> <span class='ocrx_word' id='word_1_145' title='bbox 115 1822 149 1877; x_wconf 99' lang='lat' dir='ltr'><strong><em>V.</em></strong></span> <span class='ocrx_word' id='word_1_146' title='bbox 164 1827 199 1876; x_wconf 81' lang='lat'><strong><em>84</em></strong></span> <span class='ocrx_word' id='word_1_147' title='bbox 217 1824 250 1877; x_wconf 85' lang='lat' dir='ltr'><strong><em>de</em></strong></span> <span class='ocrx_word' id='word_1_148' title='bbox 268 1821 399 1877; x_wconf 83' lang='grc'><strong><em>61166166</em></strong></span> <span class='ocrx_word' id='word_1_149' title='bbox 417 1824 458 1877; x_wconf 84' lang='lat' dir='ltr'><strong><em>uel</em></strong></span> <span class='ocrx_word' id='word_1_150' title='bbox 476 1824 612 1878; x_wconf 83' lang='lat' dir='ltr'><strong><em>oblectem</em></strong></span> <span class='ocrx_word' id='word_1_151' title='bbox 633 1824 771 1890; x_wconf 82' lang='lat' dir='ltr'><strong><em>copitabat</em></strong></span> <span class='ocrx_word' id='word_1_152' title='bbox 789 1824 915 1880; x_wconf 83' lang='lat' dir='ltr'><strong><em>Weisiue.</em></strong></span> 
     </span>
    </p>

    <p class='ocr_par' dir='ltr' id='par_1_5' title="bbox 60 1900 1201 2054">
     <span class='ocr_line' id='line_1_15' title="bbox 150 1900 1201 1974; baseline 0.004 -18"><span class='ocrx_word' id='word_1_153' title='bbox 150 1907 194 1956; x_wconf 83' lang='grc'><strong><em>86.</em></strong></span> <span class='ocrx_word' id='word_1_154' title='bbox 214 1901 316 1957; x_wconf 75' lang='lat' dir='ltr'><strong><em>Curate</em></strong></span> <span class='ocrx_word' id='word_1_155' title='bbox 338 1900 387 1957; x_wconf 87' lang='lat' dir='ltr'><strong><em>isti</em></strong></span> <span class='ocrx_word' id='word_1_156' title='bbox 409 1901 484 1956; x_wconf 87' lang='lat' dir='ltr'><strong><em>intus</em></strong></span> <span class='ocrx_word' id='word_1_157' title='bbox 508 1903 567 1959; x_wconf 85' lang='lat' dir='ltr'><strong><em>coll.</em></strong></span> <span class='ocrx_word' id='word_1_158' title='bbox 590 1920 614 1957; x_wconf 88' lang='grc'><strong><em>6.</em></strong></span> <span class='ocrx_word' id='word_1_159' title='bbox 629 1907 684 1957; x_wconf 87' lang='grc'><strong><em>495</em></strong></span> <span class='ocrx_word' id='word_1_160' title='bbox 709 1903 859 1959; x_wconf 75' lang='lat' dir='ltr'><strong><em>Muellerus</em></strong></span> <span class='ocrx_word' id='word_1_161' title='bbox 882 1905 959 1960; x_wconf 79' lang='lat' dir='ltr'><strong><em>Peos.</em></strong></span> <span class='ocrx_word' id='word_1_162' title='bbox 975 1922 1005 1974; x_wconf 88' lang='lat' dir='ltr'><strong><em>p.</em></strong></span> <span class='ocrx_word' id='word_1_163' title='bbox 1021 1909 1082 1959; x_wconf 84' lang='grc'><strong><em>364.</em></strong></span> <span class='ocrx_word' id='word_1_164' title='bbox 1099 1936 1132 1945; x_wconf 97' lang='grc'>-</span> <span class='ocrx_word' id='word_1_165' title='bbox 1152 1906 1201 1959; x_wconf 83' lang='lat' dir='ltr'><strong><em>sd-</em></strong></span> 
     </span>
     <span class='ocr_line' id='line_1_16' title="bbox 60 1981 1003 2054; baseline 0.003 -18"><span class='ocrx_word' id='word_1_166' title='bbox 60 1982 212 2052; x_wconf 76' lang='lat' dir='ltr'><strong><em>properste</em></strong></span> <span class='ocrx_word' id='word_1_167' title='bbox 230 1998 282 2036; x_wconf 87' lang='lat' dir='ltr'><strong><em>nos</em></strong></span> <span class='ocrx_word' id='word_1_168' title='bbox 300 1983 427 2052; x_wconf 80' lang='lat' dir='ltr'><strong><em>Pylades.</em></strong></span> <span class='ocrx_word' id='word_1_169' title='bbox 456 1983 640 2051; x_wconf 78' lang='lat' dir='ltr'><strong><em>adproperate</em></strong></span> <span class='ocrx_word' id='word_1_170' title='bbox 658 1981 766 2038; x_wconf 84' lang='lat' dir='ltr'><strong><em>foculos</em></strong></span> <span class='ocrx_word' id='word_1_171' title='bbox 787 1983 928 2039; x_wconf 82' lang='lat' dir='ltr'><strong><em>Gruterus.</em></strong></span> <span class='ocrx_word' id='word_1_172' title='bbox 1001 2050 1003 2054; x_wconf 21' lang='lat'><strong><em>¹</em></strong></span> 
     </span>
    </p>

    <p class='ocr_par' dir='ltr' id='par_1_6' title="bbox 11 2053 1274 3487">
     <span class='ocr_line' id='line_1_17' title="bbox 11 2053 1204 2134; baseline 0.004 -20"><span class='ocrx_word' id='word_1_173' title='bbox 11 2053 16 2061; x_wconf 83' lang='grc'><strong>’</strong></span> <span class='ocrx_word' id='word_1_174' title='bbox 151 2064 185 2115; x_wconf 82' lang='lat' dir='ltr'><strong><em>st</em></strong></span> <span class='ocrx_word' id='word_1_175' title='bbox 195 2076 249 2130; x_wconf 73' lang='lat' dir='ltr'><strong><em>eqo.</em></strong></span> <span class='ocrx_word' id='word_1_176' title='bbox 268 2077 390 2115; x_wconf 79' lang='lat' dir='ltr'><strong><em>murram</em></strong></span> <span class='ocrx_word' id='word_1_177' title='bbox 405 2078 459 2131; x_wconf 86' lang='lat' dir='ltr'><strong><em>pro</em></strong></span> <span class='ocrx_word' id='word_1_178' title='bbox 476 2061 597 2115; x_wconf 87' lang='lat' dir='ltr'><strong><em>mulsum</em></strong></span> <span class='ocrx_word' id='word_1_179' title='bbox 612 2063 739 2131; x_wconf 78' lang='lat' dir='ltr'><strong><em>placebat</em></strong></span> <span class='ocrx_word' id='word_1_180' title='bbox 756 2064 903 2131; x_wconf 81' lang='lat' dir='ltr'><strong><em>Acidalio,</em></strong></span> <span class='ocrx_word' id='word_1_181' title='bbox 927 2064 1070 2132; x_wconf 77' lang='lat' dir='ltr'><strong><em>myrrhina</em></strong></span> <span class='ocrx_word' id='word_1_182' title='bbox 1086 2081 1138 2133; x_wconf 84' lang='lat' dir='ltr'><strong><em>pro</em></strong></span> <span class='ocrx_word' id='word_1_183' title='bbox 1156 2083 1204 2134; x_wconf 80' lang='lat' dir='ltr'><strong><em>up·</em></strong></span> 
     </span>
     <span class='ocr_line' id='line_1_18' title="bbox 58 2139 1202 2212; baseline 0.004 -20"><span class='ocrx_word' id='word_1_184' title='bbox 58 2144 132 2208; x_wconf 74' lang='lat' dir='ltr'><strong><em>pere</em></strong></span> <span class='ocrx_word' id='word_1_185' title='bbox 146 2139 285 2195; x_wconf 81' lang='lat' dir='ltr'><strong><em>Palnerio</em></strong></span> <span class='ocrx_word' id='word_1_186' title='bbox 299 2158 330 2210; x_wconf 87' lang='lat' dir='ltr'><strong><em>p.</em></strong></span> <span class='ocrx_word' id='word_1_187' title='bbox 344 2146 410 2209; x_wconf 88' lang='grc'><strong><em>876,</em></strong></span> <span class='ocrx_word' id='word_1_188' title='bbox 429 2143 538 2196; x_wconf 76' lang='lat' dir='ltr'><strong><em>stactes.</em></strong></span> <span class='ocrx_word' id='word_1_189' title='bbox 555 2141 633 2196; x_wconf 83' lang='grc'><strong><em>61616</em></strong></span> <span class='ocrx_word' id='word_1_190' title='bbox 647 2159 701 2210; x_wconf 90' lang='lat' dir='ltr'><strong><em>pro</em></strong></span> <span class='ocrx_word' id='word_1_191' title='bbox 716 2143 852 2210; x_wconf 73' lang='lat' dir='ltr'><strong><em>struthea,</em></strong></span> <span class='ocrx_word' id='word_1_192' title='bbox 871 2142 982 2197; x_wconf 87' lang='grc'><strong><em>6616166</em></strong></span> <span class='ocrx_word' id='word_1_193' title='bbox 1002 2144 1111 2212; x_wconf 77' lang='lat' dir='ltr'><strong><em>Voipts&#39;o</em></strong></span> <span class='ocrx_word' id='word_1_194' title='bbox 1126 2145 1202 2198; x_wconf 87' lang='lat' dir='ltr'><strong><em>Mus.</em></strong></span> 
     </span>
     <span class='ocr_line' id='line_1_19' title="bbox 58 2217 1203 2292; baseline 0.004 -20"><span class='ocrx_word' id='word_1_195' title='bbox 58 2217 150 2274; x_wconf 73' lang='lat' dir='ltr'><strong><em>Rbus</em></strong></span> <span class='ocrx_word' id='word_1_196' title='bbox 167 2219 317 2274; x_wconf 86' lang='lat' dir='ltr'><strong><em>XXVIII</em></strong></span> <span class='ocrx_word' id='word_1_197' title='bbox 336 2239 365 2290; x_wconf 89' lang='lat' dir='ltr'><strong><em>p.</em></strong></span> <span class='ocrx_word' id='word_1_198' title='bbox 380 2227 416 2277; x_wconf 85' lang='lat'><strong><em>61</em></strong></span> <span class='ocrx_word' id='word_1_199' title='bbox 429 2238 467 2291; x_wconf 78' lang='lat' dir='ltr'><strong><em>sq.</em></strong></span> <span class='ocrx_word' id='word_1_200' title='bbox 487 2222 638 2290; x_wconf 77' lang='lat' dir='ltr'><strong><em>(probante</em></strong></span> <span class='ocrx_word' id='word_1_201' title='bbox 660 2223 796 2277; x_wconf 81' lang='lat' dir='ltr'><strong><em>Loreneio</em></strong></span> <span class='ocrx_word' id='word_1_202' title='bbox 817 2223 855 2278; x_wconf 90' lang='lat' dir='ltr'><strong><em>ad</em></strong></span> <span class='ocrx_word' id='word_1_203' title='bbox 874 2223 974 2277; x_wconf 85' lang='lat' dir='ltr'><strong><em>Pseud.</em></strong></span> <span class='ocrx_word' id='word_1_204' title='bbox 994 2224 1077 2292; x_wconf 85' lang='lat'><strong><em>720).·</em></strong></span> <span class='ocrx_word' id='word_1_205' title='bbox 1103 2225 1203 2278; x_wconf 86' lang='lat' dir='ltr'><strong><em>scilicet</em></strong></span> 
     </span>
     <span class='ocr_line' id='line_1_20' title="bbox 52 2299 1274 2370; baseline 0.004 -18"><span class='ocrx_word' id='word_1_206' title='bbox 52 2303 170 2367; x_wconf 79' lang='lat' dir='ltr'><strong><em>propter</em></strong></span> <span class='ocrx_word' id='word_1_207' title='bbox 196 2299 290 2355; x_wconf 84' lang='lat' dir='ltr'><strong><em>Plinii</em></strong></span> <span class='ocrx_word' id='word_1_208' title='bbox 318 2301 533 2366; x_wconf 84' lang='lat' dir='ltr'><strong><em>‘testimonium’,</em></strong></span> <span class='ocrx_word' id='word_1_209' title='bbox 560 2303 632 2370; x_wconf 78' lang='lat' dir='ltr'><strong><em>quod</em></strong></span> <span class='ocrx_word' id='word_1_210' title='bbox 658 2304 741 2357; x_wconf 87' lang='lat' dir='ltr'><strong><em>etiam</em></strong></span> <span class='ocrx_word' id='word_1_211' title='bbox 770 2304 836 2357; x_wconf 85' lang='lat' dir='ltr'><strong><em>aliis</em></strong></span> <span class='ocrx_word' id='word_1_212' title='bbox 858 2303 931 2357; x_wconf 83' lang='lat' dir='ltr'><strong><em>uelut</em></strong></span> <span class='ocrx_word' id='word_1_213' title='bbox 953 2302 1080 2357; x_wconf 86' lang='lat' dir='ltr'><strong><em>Brodaco</em></strong></span> <span class='ocrx_word' id='word_1_214' title='bbox 1099 2301 1148 2356; x_wconf 91' lang='lat' dir='ltr'><strong><em>IV</em></strong></span> <span class='ocrx_word' id='word_1_215' title='bbox 1164 2305 1203 2357; x_wconf 81' lang='lat'><strong><em>20</em></strong></span> <span class='ocrx_word' id='word_1_216' title='bbox 1272 2363 1274 2367; x_wconf 56' lang='grc'><strong><em>,</em></strong></span> 
     </span>
     <span class='ocr_line' id='line_1_21' title="bbox 58 2378 1204 2453; baseline 0.002 -19"><span class='ocrx_word' id='word_1_217' title='bbox 58 2378 255 2449; x_wconf 74' lang='lat' dir='ltr'><strong><em>Richardoque</em></strong></span> <span class='ocrx_word' id='word_1_218' title='bbox 266 2379 395 2436; x_wconf 83' lang='lat' dir='ltr'><strong><em>Tornsoni</em></strong></span> <span class='ocrx_word' id='word_1_219' title='bbox 408 2383 452 2450; x_wconf 90' lang='lat' dir='ltr'><strong><em>(de</em></strong></span> <span class='ocrx_word' id='word_1_220' title='bbox 466 2383 567 2436; x_wconf 76' lang='lat' dir='ltr'><strong><em>lacum</em></strong></span> <span class='ocrx_word' id='word_1_221' title='bbox 581 2384 724 2453; x_wconf 76' lang='lat' dir='ltr'><strong><em>copitants)</em></strong></span> <span class='ocrx_word' id='word_1_222' title='bbox 740 2383 924 2437; x_wconf 70' lang='lat' dir='ltr'><strong><em>dubitationes</em></strong></span> <span class='ocrx_word' id='word_1_223' title='bbox 932 2389 1057 2436; x_wconf 85' lang='lat' dir='ltr'><strong><em>mouerat.</em></strong></span> <span class='ocrx_word' id='word_1_224' title='bbox 1081 2380 1204 2437; x_wconf 80' lang='lat' dir='ltr'><strong><em>Ceterum</em></strong></span> 
     </span>
     <span class='ocr_line' id='line_1_22' title="bbox 59 2459 1203 2529; baseline 0.002 -15"><span class='ocrx_word' id='word_1_225' title='bbox 59 2459 192 2514; x_wconf 78' lang='lat' dir='ltr'><strong><em>struthos</em></strong></span> <span class='ocrx_word' id='word_1_226' title='bbox 209 2459 393 2529; x_wconf 82' lang='lat' dir='ltr'><strong><em>coluthrsque</em></strong></span> <span class='ocrx_word' id='word_1_227' title='bbox 411 2460 501 2516; x_wconf 89' lang='lat' dir='ltr'><strong><em>Valla.</em></strong></span> <span class='ocrx_word' id='word_1_228' title='bbox 530 2460 712 2529; x_wconf 82' lang='lat' dir='ltr'><strong><em>strutheeque</em></strong></span> <span class='ocrx_word' id='word_1_229' title='bbox 731 2462 809 2516; x_wconf 83' lang='lat' dir='ltr'><strong><em>lutea</em></strong></span> <span class='ocrx_word' id='word_1_230' title='bbox 823 2462 982 2518; x_wconf 81' lang='lat' dir='ltr'><strong><em>Salmasius.</em></strong></span> <span class='ocrx_word' id='word_1_231' title='bbox 1011 2463 1203 2516; x_wconf 77' lang='grc'><strong><em>8166116666-</em></strong></span> 
     </span>
     <span class='ocr_line' id='line_1_23' title="bbox 57 2539 1203 2612; baseline 0.002 -18"><span class='ocrx_word' id='word_1_232' title='bbox 57 2541 140 2596; x_wconf 79' lang='grc'><strong><em>16116</em></strong></span> <span class='ocrx_word' id='word_1_233' title='bbox 156 2543 191 2611; x_wconf 74' lang='lat' dir='ltr'><strong><em>(le.</em></strong></span> <span class='ocrx_word' id='word_1_234' title='bbox 203 2559 225 2596; x_wconf 89' lang='lat' dir='ltr'><strong><em>e.</em></strong></span> <span class='ocrx_word' id='word_1_235' title='bbox 235 2544 366 2611; x_wconf 69' lang='grc'><strong><em>11666166</em></strong></span> <span class='ocrx_word' id='word_1_236' title='bbox 376 2539 528 2610; x_wconf 75' lang='grc'><strong><em>66616696)</em></strong></span> <span class='ocrx_word' id='word_1_237' title='bbox 542 2543 627 2609; x_wconf 76' lang='lat' dir='ltr'><strong><em>atque</em></strong></span> <span class='ocrx_word' id='word_1_238' title='bbox 639 2542 762 2611; x_wconf 80' lang='lat' dir='ltr'><strong><em>Scaliper</em></strong></span> <span class='ocrx_word' id='word_1_239' title='bbox 775 2544 898 2612; x_wconf 78' lang='lat' dir='ltr'><strong><em>itemque,</em></strong></span> <span class='ocrx_word' id='word_1_240' title='bbox 912 2543 958 2596; x_wconf 83' lang='lat' dir='ltr'><strong><em>sed</em></strong></span> <span class='ocrx_word' id='word_1_241' title='bbox 972 2559 1083 2609; x_wconf 83' lang='lat' dir='ltr'><strong><em>squam,</em></strong></span> <span class='ocrx_word' id='word_1_242' title='bbox 1099 2541 1203 2596; x_wconf 75' lang='lat' dir='ltr'><strong><em>Tmu-</em></strong></span> 
     </span>
     <span class='ocr_line' id='line_1_24' title="bbox 58 2621 1202 2691; baseline -0.002 -15"><span class='ocrx_word' id='word_1_243' title='bbox 58 2622 111 2676; x_wconf 84' lang='lat' dir='ltr'><strong><em>bus</em></strong></span> <span class='ocrx_word' id='word_1_244' title='bbox 126 2622 171 2676; x_wconf 80' lang='lat' dir='ltr'><strong><em>‘ds</em></strong></span> <span class='ocrx_word' id='word_1_245' title='bbox 184 2622 259 2676; x_wconf 84' lang='lat' dir='ltr'><strong><em>odor.</em></strong></span> <span class='ocrx_word' id='word_1_246' title='bbox 276 2622 437 2691; x_wconf 78' lang='lat' dir='ltr'><strong><em>Theopbr.&#39;:</em></strong></span> <span class='ocrx_word' id='word_1_247' title='bbox 455 2628 535 2690; x_wconf 86' lang='lat' dir='ltr'><strong><em>alque</em></strong></span> <span class='ocrx_word' id='word_1_248' title='bbox 548 2621 687 2675; x_wconf 77' lang='lat' dir='ltr'><strong><em>Aceluthe</em></strong></span> <span class='ocrx_word' id='word_1_249' title='bbox 705 2624 828 2677; x_wconf 86' lang='lat' dir='ltr'><strong><em>uoluerat</em></strong></span> <span class='ocrx_word' id='word_1_250' title='bbox 842 2624 923 2677; x_wconf 84' lang='lat' dir='ltr'><strong><em>etiam</em></strong></span> <span class='ocrx_word' id='word_1_251' title='bbox 937 2622 1099 2676; x_wconf 83' lang='lat' dir='ltr'><strong><em>Palmerius.</em></strong></span> <span class='ocrx_word' id='word_1_252' title='bbox 1128 2622 1202 2676; x_wconf 89' lang='grc'><strong><em>6616-</em></strong></span> 
     </span>
     <span class='ocr_line' id='line_1_25' title="bbox 57 2699 1204 2768; baseline -0.001 -13"><span class='ocrx_word' id='word_1_253' title='bbox 57 2703 108 2755; x_wconf 81' lang='lat' dir='ltr'><strong><em>ten</em></strong></span> <span class='ocrx_word' id='word_1_254' title='bbox 122 2726 156 2745; x_wconf 85' lang='lat'>=</span> <span class='ocrx_word' id='word_1_255' title='bbox 170 2699 358 2756; x_wconf 74' lang='lat' dir='ltr'><strong><em>solsticium</em></strong></span> <span class='ocrx_word' id='word_1_256' title='bbox 368 2702 531 2757; x_wconf 83' lang='lat' dir='ltr'><strong><em>Gronovius.</em></strong></span> <span class='ocrx_word' id='word_1_257' title='bbox 560 2701 638 2756; x_wconf 87' lang='lat' dir='ltr'><strong><em>Inter</em></strong></span> <span class='ocrx_word' id='word_1_258' title='bbox 652 2703 848 2768; x_wconf 68' lang='grc'><strong><em>6661111161</em></strong></span> <span class='ocrx_word' id='word_1_259' title='bbox 863 2701 1061 2768; x_wconf 78' lang='lat' dir='ltr'><strong><em>coluthequam</em></strong></span> <span class='ocrx_word' id='word_1_260' title='bbox 1077 2702 1204 2756; x_wconf 79' lang='lat' dir='ltr'><strong><em>lacunam</em></strong></span> 
     </span>
     <span class='ocr_line' id='line_1_26' title="bbox 60 2780 1203 2851; baseline 0 -16"><span class='ocrx_word' id='word_1_261' title='bbox 60 2782 161 2836; x_wconf 81' lang='lat' dir='ltr'><strong><em>statuit</em></strong></span> <span class='ocrx_word' id='word_1_262' title='bbox 180 2781 329 2851; x_wconf 72' lang='grc'><strong><em>8661111166</em></strong></span> <span class='ocrx_word' id='word_1_263' title='bbox 352 2789 460 2837; x_wconf 85' lang='lat' dir='ltr'><strong><em>seruata</em></strong></span> <span class='ocrx_word' id='word_1_264' title='bbox 477 2784 567 2848; x_wconf 78' lang='lat' dir='ltr'><strong><em>forma</em></strong></span> <span class='ocrx_word' id='word_1_265' title='bbox 586 2783 737 2836; x_wconf 77' lang='lat' dir='ltr'><strong><em>canaclivi</em></strong></span> <span class='ocrx_word' id='word_1_266' title='bbox 754 2798 827 2834; x_wconf 81' lang='lat' dir='ltr'><strong><em>-am</em></strong></span> <span class='ocrx_word' id='word_1_267' title='bbox 846 2787 872 2835; x_wconf 91' lang='lat' dir='ltr'><strong><em>et</em></strong></span> <span class='ocrx_word' id='word_1_268' title='bbox 889 2782 1029 2849; x_wconf 78' lang='lat' dir='ltr'><strong><em>sinpulari</em></strong></span> <span class='ocrx_word' id='word_1_269' title='bbox 1051 2780 1203 2835; x_wconf 78' lang='lat' dir='ltr'><strong><em>concaleat.</em></strong></span> 
     </span>
     <span class='ocr_line' id='line_1_27' title="bbox 59 2859 1205 2932; baseline -0.002 -17"><span class='ocrx_word' id='word_1_270' title='bbox 59 2862 123 2931; x_wconf 77' lang='lat' dir='ltr'><strong><em>Quo</em></strong></span> <span class='ocrx_word' id='word_1_271' title='bbox 132 2863 200 2916; x_wconf 89' lang='lat' dir='ltr'><strong><em>duee</em></strong></span> <span class='ocrx_word' id='word_1_272' title='bbox 208 2862 241 2917; x_wconf 84' lang='lat' dir='ltr'><strong><em>de</em></strong></span> <span class='ocrx_word' id='word_1_273' title='bbox 250 2863 403 2930; x_wconf 86' lang='lat' dir='ltr'><strong><em>talipotius</em></strong></span> <span class='ocrx_word' id='word_1_274' title='bbox 416 2863 599 2930; x_wconf 84' lang='lat' dir='ltr'><strong><em>supplemento</em></strong></span> <span class='ocrx_word' id='word_1_275' title='bbox 609 2862 728 2931; x_wconf 80' lang='lat' dir='ltr'><strong><em>copitaei</em></strong></span> <span class='ocrx_word' id='word_1_276' title='bbox 736 2863 929 2928; x_wconf 70' lang='grc' dir='ltr'><strong><em>(6111661661).Ι</em></strong></span> <span class='ocrx_word' id='word_1_277' title='bbox 940 2860 1011 2931; x_wconf 83' lang='lat' dir='ltr'><strong><em>(Tu,</em></strong></span> <span class='ocrx_word' id='word_1_278' title='bbox 1023 2859 1205 2932; x_wconf 63' lang='lat' dir='ltr'><strong><em>Paegnium&gt;</em></strong></span> 
     </span>
     <span class='ocr_line' id='line_1_28' title="bbox 58 2938 1205 3012; baseline -0.003 -18"><span class='ocrx_word' id='word_1_279' title='bbox 58 2944 211 2996; x_wconf 82' lang='lat' dir='ltr'><strong><em>commisce</em></strong></span> <span class='ocrx_word' id='word_1_280' title='bbox 234 2940 368 3009; x_wconf 88' lang='lat' dir='ltr'><strong><em>mulsum,</em></strong></span> <span class='ocrx_word' id='word_1_281' title='bbox 391 2942 530 2994; x_wconf 79' lang='lat' dir='ltr'><strong><em>struthea:</em></strong></span> <span class='ocrx_word' id='word_1_282' title='bbox 556 2939 687 3008; x_wconf 81' lang='lat' dir='ltr'><strong><em>Coluthe,</em></strong></span> <span class='ocrx_word' id='word_1_283' title='bbox 712 2957 813 3008; x_wconf 83' lang='lat' dir='ltr'><strong><em>uquam</em></strong></span> <span class='ocrx_word' id='word_1_284' title='bbox 837 2944 943 3009; x_wconf 66' lang='lat' dir='ltr'><strong><em>lippara</em></strong></span> <span class='ocrx_word' id='word_1_285' title='bbox 960 2940 1066 3012; x_wconf 72' lang='lat' dir='ltr'><strong><em>&lt;utque</em></strong></span> <span class='ocrx_word' id='word_1_286' title='bbox 1085 2938 1205 3008; x_wconf 75' lang='lat' dir='ltr'><strong><em>temperi</em></strong></span> 
     </span>
     <span class='ocr_line' id='line_1_29' title="bbox 57 3018 1205 3094; baseline -0.002 -20"><span class='ocrx_word' id='word_1_287' title='bbox 57 3019 191 3094; x_wconf 77' lang='lat' dir='ltr'><strong><em>ingere),</em></strong></span> <span class='ocrx_word' id='word_1_288' title='bbox 215 3021 290 3075; x_wconf 84' lang='lat' dir='ltr'><strong><em>Bene</em></strong></span> <span class='ocrx_word' id='word_1_289' title='bbox 315 3023 398 3074; x_wconf 83' lang='grc'><strong><em>6116</em></strong></span> <span class='ocrx_word' id='word_1_290' title='bbox 421 3022 520 3075; x_wconf 79' lang='lat' dir='ltr'><strong><em>scutris</em></strong></span> <span class='ocrx_word' id='word_1_291' title='bbox 542 3020 695 3074; x_wconf 78' lang='grc'><strong><em>6666161661,</em></strong></span> <span class='ocrx_word' id='word_1_292' title='bbox 716 3050 749 3059; x_wconf 91' lang='grc'><strong>-</strong></span> <span class='ocrx_word' id='word_1_293' title='bbox 768 3020 838 3075; x_wconf 79' lang='lat' dir='ltr'><strong><em>Mox</em></strong></span> <span class='ocrx_word' id='word_1_294' title='bbox 862 3021 953 3074; x_wconf 81' lang='lat' dir='ltr'><strong><em>celem</em></strong></span> <span class='ocrx_word' id='word_1_295' title='bbox 975 3018 1060 3073; x_wconf 88' lang='grc'><strong><em>161166</em></strong></span> <span class='ocrx_word' id='word_1_296' title='bbox 1083 3019 1205 3087; x_wconf 78' lang='lat' dir='ltr'><strong><em>Scaliper</em></strong></span> 
     </span>
     <span class='ocr_line' id='line_1_30' title="bbox 57 3097 1205 3169; baseline -0.001 -15"><span class='ocrx_word' id='word_1_297' title='bbox 57 3101 144 3169; x_wconf 83' lang='lat' dir='ltr'><strong><em>(alias</em></strong></span> <span class='ocrx_word' id='word_1_298' title='bbox 162 3100 311 3168; x_wconf 77' lang='grc'><strong><em>66166666,</em></strong></span> <span class='ocrx_word' id='word_1_299' title='bbox 330 3101 380 3154; x_wconf 90' lang='lat' dir='ltr'><strong><em>del.</em></strong></span> <span class='ocrx_word' id='word_1_300' title='bbox 400 3102 447 3168; x_wconf 88' lang='grc'><strong><em>61).</em></strong></span> <span class='ocrx_word' id='word_1_301' title='bbox 467 3130 500 3138; x_wconf 96' lang='grc'>-</span> <span class='ocrx_word' id='word_1_302' title='bbox 517 3099 637 3154; x_wconf 79' lang='lat' dir='ltr'><strong><em>Ceterum</em></strong></span> <span class='ocrx_word' id='word_1_303' title='bbox 655 3118 679 3153; x_wconf 89' lang='grc'><strong><em>6.</em></strong></span> <span class='ocrx_word' id='word_1_304' title='bbox 696 3106 729 3154; x_wconf 83' lang='grc'><strong><em>89</em></strong></span> <span class='ocrx_word' id='word_1_305' title='bbox 749 3101 796 3167; x_wconf 90' lang='lat' dir='ltr'><strong><em>pol</em></strong></span> <span class='ocrx_word' id='word_1_306' title='bbox 816 3101 861 3154; x_wconf 89' lang='lat' dir='ltr'><strong><em>hic</em></strong></span> <span class='ocrx_word' id='word_1_307' title='bbox 880 3102 938 3154; x_wconf 82' lang='lat' dir='ltr'><strong><em>sine</em></strong></span> <span class='ocrx_word' id='word_1_308' title='bbox 954 3097 1002 3152; x_wconf 89' lang='lat' dir='ltr'><strong><em>ille</em></strong></span> <span class='ocrx_word' id='word_1_309' title='bbox 1018 3100 1159 3154; x_wconf 88' lang='lat' dir='ltr'><strong><em>Bentleius</em></strong></span> <span class='ocrx_word' id='word_1_310' title='bbox 1173 3101 1205 3153; x_wconf 83' lang='lat' dir='ltr'><strong><em>in</em></strong></span> 
     </span>
     <span class='ocr_line' id='line_1_31' title="bbox 57 3178 1208 3249; baseline -0.002 -17"><span class='ocrx_word' id='word_1_311' title='bbox 57 3180 177 3249; x_wconf 76' lang='lat' dir='ltr'><strong><em>Adelph.</em></strong></span> <span class='ocrx_word' id='word_1_312' title='bbox 184 3181 259 3246; x_wconf 88' lang='grc' dir='ltr'><strong><em>ΙΙ4,</em></strong></span> <span class='ocrx_word' id='word_1_313' title='bbox 267 3186 292 3246; x_wconf 88' lang='grc'><strong><em>1,</em></strong></span> <span class='ocrx_word' id='word_1_314' title='bbox 303 3196 368 3234; x_wconf 88' lang='lat' dir='ltr'><strong><em>casu</em></strong></span> <span class='ocrx_word' id='word_1_315' title='bbox 376 3185 407 3233; x_wconf 87' lang='lat' dir='ltr'><strong><em>ut</em></strong></span> <span class='ocrx_word' id='word_1_316' title='bbox 414 3181 469 3233; x_wconf 88' lang='lat' dir='ltr'><strong><em>oid.</em></strong></span> <span class='ocrx_word' id='word_1_317' title='bbox 477 3211 509 3218; x_wconf 97' lang='lat'>—</span> <span class='ocrx_word' id='word_1_318' title='bbox 516 3181 564 3233; x_wconf 76' lang='lat' dir='ltr'><strong><em>Ad</em></strong></span> <span class='ocrx_word' id='word_1_319' title='bbox 574 3195 708 3247; x_wconf 82' lang='lat' dir='ltr'><strong><em>congerro</em></strong></span> <span class='ocrx_word' id='word_1_320' title='bbox 719 3181 753 3246; x_wconf 81' lang='lat' dir='ltr'><strong><em>cf.</em></strong></span> <span class='ocrx_word' id='word_1_321' title='bbox 762 3181 919 3234; x_wconf 82' lang='lat' dir='ltr'><strong><em>Brandtiue</em></strong></span> <span class='ocrx_word' id='word_1_322' title='bbox 928 3181 1002 3233; x_wconf 85' lang='lat' dir='ltr'><strong><em>Anu.</em></strong></span> <span class='ocrx_word' id='word_1_323' title='bbox 1008 3180 1076 3248; x_wconf 85' lang='lat' dir='ltr'><strong><em>pln&#39;l.</em></strong></span> <span class='ocrx_word' id='word_1_324' title='bbox 1085 3178 1208 3232; x_wconf 83' lang='lat' dir='ltr'><strong><em>CXVII</em></strong></span> 
     </span>
     <span class='ocr_line' id='line_1_32' title="bbox 55 3260 1203 3328; baseline -0.001 -14"><span class='ocrx_word' id='word_1_325' title='bbox 55 3276 85 3328; x_wconf 89' lang='lat' dir='ltr'><strong><em>p.</em></strong></span> <span class='ocrx_word' id='word_1_326' title='bbox 95 3262 158 3314; x_wconf 85' lang='grc'><strong><em>371.</em></strong></span> <span class='ocrx_word' id='word_1_327' title='bbox 167 3264 223 3315; x_wconf 90' lang='grc'><strong><em>377</em></strong></span> <span class='ocrx_word' id='word_1_328' title='bbox 229 3277 306 3328; x_wconf 75' lang='grc'><strong><em>66.-</em></strong></span> <span class='ocrx_word' id='word_1_329' title='bbox 318 3260 350 3313; x_wconf 89' lang='lat' dir='ltr'><strong><em>V.</em></strong></span> <span class='ocrx_word' id='word_1_330' title='bbox 359 3265 393 3313; x_wconf 88' lang='grc'><strong><em>90</em></strong></span> <span class='ocrx_word' id='word_1_331' title='bbox 408 3261 445 3313; x_wconf 92' lang='lat' dir='ltr'><strong><em>ad</em></strong></span> <span class='ocrx_word' id='word_1_332' title='bbox 455 3275 542 3327; x_wconf 82' lang='lat' dir='ltr'><strong><em>eugas</em></strong></span> <span class='ocrx_word' id='word_1_333' title='bbox 552 3261 718 3328; x_wconf 83' lang='lat' dir='ltr'><strong><em>scripturam</em></strong></span> <span class='ocrx_word' id='word_1_334' title='bbox 728 3260 776 3328; x_wconf 89' lang='grc' dir='ltr'><strong><em>(Β)</em></strong></span> <span class='ocrx_word' id='word_1_335' title='bbox 782 3266 844 3328; x_wconf 89' lang='lat' dir='ltr'><strong><em>post</em></strong></span> <span class='ocrx_word' id='word_1_336' title='bbox 856 3260 1070 3324; x_wconf 82' lang='lat' dir='ltr'><strong><em>Fleckeisenum‚</em></strong></span> <span class='ocrx_word' id='word_1_337' title='bbox 1084 3260 1154 3313; x_wconf 86' lang='lat' dir='ltr'><strong><em>alios</em></strong></span> <span class='ocrx_word' id='word_1_338' title='bbox 1169 3260 1203 3324; x_wconf 87' lang='lat' dir='ltr'><strong><em>cs.</em></strong></span> 
     </span>
     <span class='ocr_line' id='line_1_33' title="bbox 57 3338 1204 3408; baseline -0.002 -14"><span class='ocrx_word' id='word_1_339' title='bbox 57 3338 207 3395; x_wconf 80' lang='lat' dir='ltr'><strong><em>Ilielsterus</em></strong></span> <span class='ocrx_word' id='word_1_340' title='bbox 216 3341 247 3393; x_wconf 89' lang='lat' dir='ltr'><strong><em>in</em></strong></span> <span class='ocrx_word' id='word_1_341' title='bbox 257 3339 375 3395; x_wconf 75' lang='lat' dir='ltr'><strong><em>Studnn.</em></strong></span> <span class='ocrx_word' id='word_1_342' title='bbox 387 3339 465 3394; x_wconf 82' lang='lat' dir='ltr'><strong><em>Stud.</em></strong></span> <span class='ocrx_word' id='word_1_343' title='bbox 476 3339 497 3390; x_wconf 94' lang='grc' dir='ltr'><em>Ι</em></span> <span class='ocrx_word' id='word_1_344' title='bbox 501 3357 530 3408; x_wconf 90' lang='lat' dir='ltr'><strong><em>p.</em></strong></span> <span class='ocrx_word' id='word_1_345' title='bbox 539 3343 600 3393; x_wconf 85' lang='lat'><strong><em>517.</em></strong></span> <span class='ocrx_word' id='word_1_346' title='bbox 609 3342 679 3392; x_wconf 78' lang='lat'><strong><em>522.-</em></strong></span> <span class='ocrx_word' id='word_1_347' title='bbox 692 3355 856 3407; x_wconf 80' lang='lat' dir='ltr'><strong><em>quamquam</em></strong></span> <span class='ocrx_word' id='word_1_348' title='bbox 870 3340 1007 3407; x_wconf 86' lang='lat' dir='ltr'><strong><em>improbat</em></strong></span> <span class='ocrx_word' id='word_1_349' title='bbox 1016 3339 1204 3394; x_wconf 80' lang='lat' dir='ltr'><strong><em>Stouasserus.</em></strong></span> 
     </span>
     <span class='ocr_line' id='line_1_34' title="bbox 58 3417 1046 3487; baseline 0.001 -14"><span class='ocrx_word' id='word_1_350' title='bbox 58 3449 94 3458; x_wconf 92' lang='lat'>-</span> <span class='ocrx_word' id='word_1_351' title='bbox 114 3419 163 3474; x_wconf 74' lang='lat' dir='ltr'><strong><em>Aa</em></strong></span> <span class='ocrx_word' id='word_1_352' title='bbox 179 3419 289 3473; x_wconf 79' lang='grc'><strong><em>1661666</em></strong></span> <span class='ocrx_word' id='word_1_353' title='bbox 309 3417 392 3473; x_wconf 86' lang='lat' dir='ltr'><strong><em>credo</em></strong></span> <span class='ocrx_word' id='word_1_354' title='bbox 411 3434 426 3470; x_wconf 90' lang='lat' dir='ltr'><strong><em>e</em></strong></span> <span class='ocrx_word' id='word_1_355' title='bbox 445 3418 565 3472; x_wconf 83' lang='lat' dir='ltr'><strong><em>balineis</em></strong></span> <span class='ocrx_word' id='word_1_356' title='bbox 584 3420 619 3484; x_wconf 85' lang='lat' dir='ltr'><strong><em>cs.</em></strong></span> <span class='ocrx_word' id='word_1_357' title='bbox 639 3417 788 3486; x_wconf 80' lang='lat' dir='ltr'><strong><em>Lanpenns</em></strong></span> <span class='ocrx_word' id='word_1_358' title='bbox 809 3419 920 3472; x_wconf 75' lang='lat' dir='ltr'><strong><em>‘Beitn’</em></strong></span> <span class='ocrx_word' id='word_1_359' title='bbox 937 3436 967 3487; x_wconf 94' lang='lat' dir='ltr'><strong><em>p.</em></strong></span> <span class='ocrx_word' id='word_1_360' title='bbox 981 3423 1046 3474; x_wconf 89' lang='grc'><strong><em>298.</em></strong></span> 
     </span>
    </p>

    <p class='ocr_par' dir='ltr' id='par_1_7' title="bbox 151 3495 1203 3567">
     <span class='ocr_line' id='line_1_35' title="bbox 151 3495 1203 3567; baseline -0.002 -15"><span class='ocrx_word' id='word_1_361' title='bbox 151 3503 193 3552; x_wconf 90' lang='grc'><strong><em>91.</em></strong></span> <span class='ocrx_word' id='word_1_362' title='bbox 213 3499 292 3552; x_wconf 78' lang='lat' dir='ltr'><strong><em>utin</em></strong></span> <span class='ocrx_word' id='word_1_363' title='bbox 311 3497 407 3551; x_wconf 82' lang='lat' dir='ltr'><strong><em>ordine</em></strong></span> <span class='ocrx_word' id='word_1_364' title='bbox 426 3497 493 3550; x_wconf 89' lang='lat' dir='ltr'><strong><em>duce</em></strong></span> <span class='ocrx_word' id='word_1_365' title='bbox 506 3495 534 3547; x_wconf 92' lang='lat' dir='ltr'><em>B</em></span> <span class='ocrx_word' id='word_1_366' title='bbox 553 3495 704 3567; x_wconf 78' lang='lat' dir='ltr'><strong><em>Vesinpius,</em></strong></span> <span class='ocrx_word' id='word_1_367' title='bbox 721 3514 876 3566; x_wconf 81' lang='lat' dir='ltr'><strong><em>perperam:</em></strong></span> <span class='ocrx_word' id='word_1_368' title='bbox 895 3516 933 3552; x_wconf 90' lang='lat' dir='ltr'><strong><em>an</em></strong></span> <span class='ocrx_word' id='word_1_369' title='bbox 950 3499 1007 3565; x_wconf 79' lang='lat' dir='ltr'><strong><em>fuit</em></strong></span> <span class='ocrx_word' id='word_1_370' title='bbox 1025 3498 1068 3552; x_wconf 88' lang='grc'><strong><em>611</em></strong></span> <span class='ocrx_word' id='word_1_371' title='bbox 1086 3497 1203 3553; x_wconf 82' lang='lat' dir='ltr'><strong><em>ordine?</em></strong></span> 
     </span>
    </p>

    <p class='ocr_par' dir='ltr' id='par_1_8' title="bbox 56 3574 1204 3886">
     <span class='ocr_line' id='line_1_36' title="bbox 150 3574 1204 3649; baseline 0 -18"><span class='ocrx_word' id='word_1_372' title='bbox 150 3583 193 3631; x_wconf 89' lang='grc'><strong><em>93.</em></strong></span> <span class='ocrx_word' id='word_1_373' title='bbox 212 3576 256 3630; x_wconf 87' lang='lat' dir='ltr'><strong><em>Ne</em></strong></span> <span class='ocrx_word' id='word_1_374' title='bbox 274 3593 309 3631; x_wconf 96' lang='grc'><strong><em>66</em></strong></span> <span class='ocrx_word' id='word_1_375' title='bbox 326 3574 395 3630; x_wconf 90' lang='lat' dir='ltr'><strong><em>mihi</em></strong></span> <span class='ocrx_word' id='word_1_376' title='bbox 413 3576 526 3630; x_wconf 83' lang='grc'><strong><em>1666616</em></strong></span> <span class='ocrx_word' id='word_1_377' title='bbox 544 3575 707 3631; x_wconf 84' lang='lat' dir='ltr'><strong><em>Saracenus.</em></strong></span> <span class='ocrx_word' id='word_1_378' title='bbox 740 3576 781 3630; x_wconf 90' lang='lat' dir='ltr'><strong><em>Ne</em></strong></span> <span class='ocrx_word' id='word_1_379' title='bbox 800 3578 839 3631; x_wconf 91' lang='lat' dir='ltr'><strong><em>mi</em></strong></span> <span class='ocrx_word' id='word_1_380' title='bbox 857 3578 927 3631; x_wconf 85' lang='lat' dir='ltr'><strong><em>huec</em></strong></span> <span class='ocrx_word' id='word_1_381' title='bbox 946 3577 1057 3649; x_wconf 78' lang='grc'><strong><em>1666616</em></strong></span> <span class='ocrx_word' id='word_1_382' title='bbox 1079 3579 1204 3633; x_wconf 82' lang='lat' dir='ltr'><strong><em>Camera-</em></strong></span> 
     </span>
     <span class='ocr_line' id='line_1_37' title="bbox 57 3655 1204 3727; baseline -0.002 -14"><span class='ocrx_word' id='word_1_383' title='bbox 57 3660 128 3713; x_wconf 84' lang='lat' dir='ltr'><strong><em>rius.</em></strong></span> <span class='ocrx_word' id='word_1_384' title='bbox 162 3657 204 3711; x_wconf 85' lang='lat' dir='ltr'><strong><em>Ne</em></strong></span> <span class='ocrx_word' id='word_1_385' title='bbox 227 3657 267 3711; x_wconf 88' lang='lat' dir='ltr'><strong><em>mi</em></strong></span> <span class='ocrx_word' id='word_1_386' title='bbox 289 3655 422 3711; x_wconf 76' lang='lat' dir='ltr'><strong><em>incohata</em></strong></span> <span class='ocrx_word' id='word_1_387' title='bbox 447 3655 591 3710; x_wconf 85' lang='lat' dir='ltr'><strong><em>Palmcrus</em></strong></span> <span class='ocrx_word' id='word_1_388' title='bbox 615 3657 757 3711; x_wconf 72' lang='lat' dir='ltr'><strong><em>Hermatls</em></strong></span> <span class='ocrx_word' id='word_1_389' title='bbox 775 3657 876 3710; x_wconf 86' lang='lat' dir='ltr'><strong><em>XVII</em></strong></span> <span class='ocrx_word' id='word_1_390' title='bbox 897 3660 932 3726; x_wconf 90' lang='lat' dir='ltr'><strong><em>(a.</em></strong></span> <span class='ocrx_word' id='word_1_391' title='bbox 948 3660 1032 3727; x_wconf 84' lang='grc'><strong><em>1887)</em></strong></span> <span class='ocrx_word' id='word_1_392' title='bbox 1048 3676 1077 3727; x_wconf 88' lang='lat' dir='ltr'><strong><em>p.</em></strong></span> <span class='ocrx_word' id='word_1_393' title='bbox 1093 3663 1152 3714; x_wconf 93' lang='grc'><strong><em>225</em></strong></span> <span class='ocrx_word' id='word_1_394' title='bbox 1166 3675 1204 3726; x_wconf 78' lang='lat' dir='ltr'><strong><em>sq.</em></strong></span> 
     </span>
     <span class='ocr_line' id='line_1_38' title="bbox 57 3736 1203 3805; baseline -0.003 -12"><span class='ocrx_word' id='word_1_395' title='bbox 57 3738 102 3805; x_wconf 81' lang='lat' dir='ltr'><strong><em>Os.</em></strong></span> <span class='ocrx_word' id='word_1_396' title='bbox 130 3739 171 3792; x_wconf 84' lang='lat' dir='ltr'><strong><em>sie</em></strong></span> <span class='ocrx_word' id='word_1_397' title='bbox 197 3738 230 3791; x_wconf 90' lang='lat' dir='ltr'><strong><em>de</em></strong></span> <span class='ocrx_word' id='word_1_398' title='bbox 257 3737 336 3790; x_wconf 79' lang='lat' dir='ltr'><strong><em>biatu</em></strong></span> <span class='ocrx_word' id='word_1_399' title='bbox 363 3736 506 3789; x_wconf 80' lang='lat' dir='ltr'><strong><em>Kloteiurn</em></strong></span> <span class='ocrx_word' id='word_1_400' title='bbox 529 3753 560 3803; x_wconf 90' lang='lat' dir='ltr'><strong><em>p.</em></strong></span> <span class='ocrx_word' id='word_1_401' title='bbox 579 3739 649 3801; x_wconf 93' lang='grc'><strong><em>129,</em></strong></span> <span class='ocrx_word' id='word_1_402' title='bbox 676 3738 709 3790; x_wconf 87' lang='lat' dir='ltr'><strong><em>de</em></strong></span> <span class='ocrx_word' id='word_1_403' title='bbox 737 3739 911 3792; x_wconf 83' lang='lat' dir='ltr'><strong><em>distinctione</em></strong></span> <span class='ocrx_word' id='word_1_404' title='bbox 938 3737 1103 3791; x_wconf 87' lang='lat' dir='ltr'><strong><em>Muellerum</em></strong></span> <span class='ocrx_word' id='word_1_405' title='bbox 1127 3738 1203 3790; x_wconf 74' lang='lat' dir='ltr'><strong><em>Anus.</em></strong></span> 
     </span>
     <span class='ocr_line' id='line_1_39' title="bbox 56 3815 519 3886; baseline -0.013 -13"><span class='ocrx_word' id='word_1_406' title='bbox 56 3818 126 3886; x_wconf 73' lang='lat' dir='ltr'><strong><em>phul.</em></strong></span> <span class='ocrx_word' id='word_1_407' title='bbox 142 3815 328 3870; x_wconf 87' lang='lat' dir='ltr'><strong><em>LXXXIII</em></strong></span> <span class='ocrx_word' id='word_1_408' title='bbox 337 3833 368 3884; x_wconf 87' lang='lat' dir='ltr'><strong><em>p.</em></strong></span> <span class='ocrx_word' id='word_1_409' title='bbox 383 3818 440 3869; x_wconf 84' lang='grc'><strong><em>274</em></strong></span> <span class='ocrx_word' id='word_1_410' title='bbox 453 3816 519 3869; x_wconf 88' lang='lat' dir='ltr'><strong><em>adn.</em></strong></span> 
     </span>
    </p>

    <p class='ocr_par' dir='ltr' id='par_1_9' title="bbox 54 3892 1205 4363">
     <span class='ocr_line' id='line_1_40' title="bbox 148 3892 1203 3964; baseline -0.005 -14"><span class='ocrx_word' id='word_1_411' title='bbox 148 3902 192 3951; x_wconf 80' lang='grc'><strong><em>94,</em></strong></span> <span class='ocrx_word' id='word_1_412' title='bbox 211 3893 303 3948; x_wconf 87' lang='lat' dir='ltr'><strong><em>Nimis</em></strong></span> <span class='ocrx_word' id='word_1_413' title='bbox 323 3911 377 3964; x_wconf 89' lang='lat' dir='ltr'><strong><em>pro</em></strong></span> <span class='ocrx_word' id='word_1_414' title='bbox 400 3892 479 3947; x_wconf 84' lang='lat' dir='ltr'><strong><em>Nihil</em></strong></span> <span class='ocrx_word' id='word_1_415' title='bbox 507 3894 630 3964; x_wconf 81' lang='lat' dir='ltr'><strong><em>Gupetus·</em></strong></span> <span class='ocrx_word' id='word_1_416' title='bbox 652 3897 784 3962; x_wconf 86' lang='lat' dir='ltr'><strong><em>probante</em></strong></span> <span class='ocrx_word' id='word_1_417' title='bbox 806 3894 940 3964; x_wconf 78' lang='lat' dir='ltr'><strong><em>Lanpeno</em></strong></span> <span class='ocrx_word' id='word_1_418' title='bbox 965 3895 1074 3948; x_wconf 75' lang='lat' dir='ltr'><strong><em>‘Beitn&#39;</em></strong></span> <span class='ocrx_word' id='word_1_419' title='bbox 1095 3912 1124 3962; x_wconf 87' lang='lat' dir='ltr'><strong><em>p.</em></strong></span> <span class='ocrx_word' id='word_1_420' title='bbox 1140 3896 1203 3955; x_wconf 83' lang='lat'><strong><em>333,</em></strong></span> 
     </span>
     <span class='ocr_line' id='line_1_41' title="bbox 55 3972 1202 4044; baseline -0.007 -13"><span class='ocrx_word' id='word_1_421' title='bbox 55 3975 154 4031; x_wconf 81' lang='lat' dir='ltr'><strong><em>Nimio</em></strong></span> <span class='ocrx_word' id='word_1_422' title='bbox 169 3974 199 4029; x_wconf 77' lang='grc'><strong><em>11</em></strong></span> <span class='ocrx_word' id='word_1_423' title='bbox 214 3977 297 4044; x_wconf 85' lang='lat' dir='ltr'><strong><em>(unde</em></strong></span> <span class='ocrx_word' id='word_1_424' title='bbox 313 3992 374 4029; x_wconf 87' lang='lat' dir='ltr'><strong><em>cum</em></strong></span> <span class='ocrx_word' id='word_1_425' title='bbox 387 3976 452 4029; x_wconf 84' lang='lat' dir='ltr'><strong><em>aliis</em></strong></span> <span class='ocrx_word' id='word_1_426' title='bbox 465 3976 567 4029; x_wconf 84' lang='lat' dir='ltr'><strong><em>erravit</em></strong></span> <span class='ocrx_word' id='word_1_427' title='bbox 583 3974 763 4043; x_wconf 79' lang='lat' dir='ltr'><strong><em>Woelfflinus</em></strong></span> <span class='ocrx_word' id='word_1_428' title='bbox 777 3976 875 4029; x_wconf 82' lang='lat' dir='ltr'><strong><em>Arcbii</em></strong></span> <span class='ocrx_word' id='word_1_429' title='bbox 885 3976 906 4026; x_wconf 91' lang='lat' dir='ltr'><strong><em>I</em></strong></span> <span class='ocrx_word' id='word_1_430' title='bbox 916 3990 943 4041; x_wconf 91' lang='lat' dir='ltr'><strong><em>p.</em></strong></span> <span class='ocrx_word' id='word_1_431' title='bbox 956 3978 993 4027; x_wconf 89' lang='grc'><strong><em>98</em></strong></span> <span class='ocrx_word' id='word_1_432' title='bbox 1012 3977 1037 4026; x_wconf 89' lang='grc'><strong><em>61</em></strong></span> <span class='ocrx_word' id='word_1_433' title='bbox 1050 3972 1202 4026; x_wconf 82' lang='lat' dir='ltr'><strong><em>Lorencius</em></strong></span> 
     </span>
     <span class='ocr_line' id='line_1_42' title="bbox 54 4050 1204 4125; baseline -0.01 -13"><span class='ocrx_word' id='word_1_434' title='bbox 54 4059 94 4113; x_wconf 87' lang='lat' dir='ltr'><strong><em>ad</em></strong></span> <span class='ocrx_word' id='word_1_435' title='bbox 110 4057 268 4123; x_wconf 60' lang='grc'><strong><em>11113771·</em></strong></span> <span class='ocrx_word' id='word_1_436' title='bbox 282 4057 317 4121; x_wconf 82' lang='lat' dir='ltr'><strong><em>cs.</em></strong></span> <span class='ocrx_word' id='word_1_437' title='bbox 332 4054 492 4125; x_wconf 75' lang='lat' dir='ltr'><strong><em>Spenpelius</em></strong></span> <span class='ocrx_word' id='word_1_438' title='bbox 508 4055 539 4107; x_wconf 90' lang='grc' dir='ltr'><strong><em>Τ.</em></strong></span> <span class='ocrx_word' id='word_1_439' title='bbox 556 4055 598 4107; x_wconf 87' lang='grc' dir='ltr'><strong><em>Μ.</em></strong></span> <span class='ocrx_word' id='word_1_440' title='bbox 613 4054 647 4108; x_wconf 91' lang='grc' dir='ltr'><strong><em>Ρ.</em></strong></span> <span class='ocrx_word' id='word_1_441' title='bbox 659 4072 688 4123; x_wconf 92' lang='lat' dir='ltr'><strong><em>p.</em></strong></span> <span class='ocrx_word' id='word_1_442' title='bbox 699 4059 735 4109; x_wconf 90' lang='grc'><strong><em>74</em></strong></span> <span class='ocrx_word' id='word_1_443' title='bbox 749 4070 867 4123; x_wconf 77' lang='lat' dir='ltr'><strong><em>quaeque</em></strong></span> <span class='ocrx_word' id='word_1_444' title='bbox 880 4053 913 4106; x_wconf 90' lang='lat' dir='ltr'><strong><em>de</em></strong></span> <span class='ocrx_word' id='word_1_445' title='bbox 927 4062 990 4102; x_wconf 78' lang='grc'><strong><em>6161</em></strong></span> <span class='ocrx_word' id='word_1_446' title='bbox 1002 4052 1070 4104; x_wconf 83' lang='grc'><strong><em>6661.</em></strong></span> <span class='ocrx_word' id='word_1_447' title='bbox 1087 4066 1140 4102; x_wconf 87' lang='lat' dir='ltr'><strong><em>usu</em></strong></span> <span class='ocrx_word' id='word_1_448' title='bbox 1156 4050 1204 4102; x_wconf 90' lang='lat' dir='ltr'><strong><em>ad-</em></strong></span> 
     </span>
     <span class='ocr_line' id='line_1_43' title="bbox 54 4126 1205 4204; baseline -0.012 -12"><span class='ocrx_word' id='word_1_449' title='bbox 54 4137 194 4193; x_wconf 81' lang='lat' dir='ltr'><strong><em>uersatioo</em></strong></span> <span class='ocrx_word' id='word_1_450' title='bbox 212 4136 308 4190; x_wconf 87' lang='lat' dir='ltr'><strong><em>docent</em></strong></span> <span class='ocrx_word' id='word_1_451' title='bbox 324 4136 482 4204; x_wconf 78' lang='lat' dir='ltr'><strong><em>interpretes</em></strong></span> <span class='ocrx_word' id='word_1_452' title='bbox 500 4141 525 4188; x_wconf 87' lang='lat' dir='ltr'><strong><em>et</em></strong></span> <span class='ocrx_word' id='word_1_453' title='bbox 542 4136 723 4203; x_wconf 74' lang='lat' dir='ltr'><strong><em>pneumatici.</em></strong></span> <span class='ocrx_word' id='word_1_454' title='bbox 738 4164 772 4173; x_wconf 99' lang='lat'>—</span> <span class='ocrx_word' id='word_1_455' title='bbox 792 4131 889 4200; x_wconf 81' lang='lat' dir='ltr'><strong><em>crude,</em></strong></span> <span class='ocrx_word' id='word_1_456' title='bbox 914 4129 968 4183; x_wconf 81' lang='lat' dir='ltr'><strong><em>nisi</em></strong></span> <span class='ocrx_word' id='word_1_457' title='bbox 987 4146 1071 4198; x_wconf 89' lang='lat' dir='ltr'><strong><em>quom</em></strong></span> <span class='ocrx_word' id='word_1_458' title='bbox 1090 4126 1205 4181; x_wconf 75' lang='lat' dir='ltr'><strong><em>madido</em></strong></span> 
     </span>
     <span class='ocr_line' id='line_1_44' title="bbox 55 4207 1204 4274; baseline -0.012 -2"><span class='ocrx_word' id='word_1_459' title='bbox 55 4217 224 4272; x_wconf 75' lang='lat' dir='ltr'><strong><em>Smacenus.</em></strong></span> <span class='ocrx_word' id='word_1_460' title='bbox 239 4245 272 4254; x_wconf 90' lang='lat'>-</span> <span class='ocrx_word' id='word_1_461' title='bbox 288 4214 358 4268; x_wconf 80' lang='lat' dir='ltr'><strong><em>Mon</em></strong></span> <span class='ocrx_word' id='word_1_462' title='bbox 376 4214 430 4268; x_wconf 88' lang='lat' dir='ltr'><strong><em>nisi</em></strong></span> <span class='ocrx_word' id='word_1_463' title='bbox 449 4231 571 4268; x_wconf 87' lang='lat' dir='ltr'><strong><em>cremore</em></strong></span> <span class='ocrx_word' id='word_1_464' title='bbox 591 4230 684 4269; x_wconf 80' lang='lat' dir='ltr'><strong><em>cresso</em></strong></span> <span class='ocrx_word' id='word_1_465' title='bbox 704 4212 805 4267; x_wconf 85' lang='grc'><strong><em>661166</em></strong></span> <span class='ocrx_word' id='word_1_466' title='bbox 825 4210 1007 4266; x_wconf 74' lang='lat' dir='ltr'><strong><em>Camerarius.</em></strong></span> <span class='ocrx_word' id='word_1_467' title='bbox 1022 4240 1053 4248; x_wconf 90' lang='lat'>—</span> <span class='ocrx_word' id='word_1_468' title='bbox 1075 4207 1106 4261; x_wconf 86' lang='lat' dir='ltr'><strong><em>V.</em></strong></span> <span class='ocrx_word' id='word_1_469' title='bbox 1122 4212 1155 4259; x_wconf 84' lang='grc'><strong><em>96</em></strong></span> <span class='ocrx_word' id='word_1_470' title='bbox 1166 4222 1204 4274; x_wconf 80' lang='lat' dir='ltr'><strong><em>sp.</em></strong></span> 
     </span>
     <span class='ocr_line' id='line_1_45' title="bbox 58 4290 1203 4363; baseline -0.01 -12"><span class='ocrx_word' id='word_1_471' title='bbox 58 4296 172 4351; x_wconf 70' lang='lat' dir='ltr'><strong><em>sonno</em></strong></span> <span class='ocrx_word' id='word_1_472' title='bbox 184 4295 270 4348; x_wconf 85' lang='lat' dir='ltr'><strong><em>dabat</em></strong></span> <span class='ocrx_word' id='word_1_473' title='bbox 283 4294 419 4363; x_wconf 81' lang='lat' dir='ltr'><strong><em>Berpleius</em></strong></span> <span class='ocrx_word' id='word_1_474' title='bbox 436 4297 532 4363; x_wconf 83' lang='lat' dir='ltr'><strong><em>Opusc.</em></strong></span> <span class='ocrx_word' id='word_1_475' title='bbox 544 4294 565 4345; x_wconf 92' lang='lat' dir='ltr'><strong><em>I</em></strong></span> <span class='ocrx_word' id='word_1_476' title='bbox 572 4312 601 4362; x_wconf 89' lang='lat' dir='ltr'><strong><em>p.</em></strong></span> <span class='ocrx_word' id='word_1_477' title='bbox 614 4300 669 4348; x_wconf 88' lang='grc'><strong><em>679</em></strong></span> <span class='ocrx_word' id='word_1_478' title='bbox 676 4293 875 4363; x_wconf 74' lang='lat' dir='ltr'><strong><em>perversissime</em></strong></span> <span class='ocrx_word' id='word_1_479' title='bbox 889 4291 929 4344; x_wconf 85' lang='lat' dir='ltr'><strong><em>sic</em></strong></span> <span class='ocrx_word' id='word_1_480' title='bbox 942 4290 1072 4343; x_wconf 82' lang='lat' dir='ltr'><strong><em>dirimens</em></strong></span> <span class='ocrx_word' id='word_1_481' title='bbox 1085 4305 1109 4343; x_wconf 87' lang='lat' dir='ltr'><strong><em>o.</em></strong></span> <span class='ocrx_word' id='word_1_482' title='bbox 1121 4291 1156 4340; x_wconf 93' lang='grc'><strong><em>96</em></strong></span> <span class='ocrx_word' id='word_1_483' title='bbox 1165 4302 1203 4353; x_wconf 76' lang='lat' dir='ltr'><strong><em>sq.</em></strong></span> 
     </span>
    </p>

    <p class='ocr_par' dir='ltr' id='par_1_10' title="bbox 54 4367 1206 4844">
     <span class='ocr_line' id='line_1_46' title="bbox 148 4367 1205 4442; baseline -0.009 -13"><span class='ocrx_word' id='word_1_484' title='bbox 148 4380 192 4429; x_wconf 83' lang='grc'><strong><em>97.</em></strong></span> <span class='ocrx_word' id='word_1_485' title='bbox 213 4373 298 4439; x_wconf 80' lang='lat' dir='ltr'><strong><em>Quasi</em></strong></span> <span class='ocrx_word' id='word_1_486' title='bbox 321 4373 429 4427; x_wconf 81' lang='lat' dir='ltr'><strong><em>iuream</em></strong></span> <span class='ocrx_word' id='word_1_487' title='bbox 454 4374 645 4428; x_wconf 79' lang='lat' dir='ltr'><strong><em>Camerarius.-</em></strong></span> <span class='ocrx_word' id='word_1_488' title='bbox 670 4374 753 4442; x_wconf 76' lang='lat' dir='ltr'><strong><em>‘quod</em></strong></span> <span class='ocrx_word' id='word_1_489' title='bbox 775 4373 912 4441; x_wconf 74' lang='lat' dir='ltr'><strong><em>explicare</em></strong></span> <span class='ocrx_word' id='word_1_490' title='bbox 933 4370 1040 4436; x_wconf 79' lang='lat' dir='ltr'><strong><em>frustra</em></strong></span> <span class='ocrx_word' id='word_1_491' title='bbox 1061 4386 1119 4422; x_wconf 92' lang='lat' dir='ltr'><strong><em>cum</em></strong></span> <span class='ocrx_word' id='word_1_492' title='bbox 1139 4367 1205 4420; x_wconf 85' lang='lat' dir='ltr'><strong><em>aliis</em></strong></span> 
     </span>
     <span class='ocr_line' id='line_1_47' title="bbox 56 4445 1204 4516; baseline -0.01 -6"><span class='ocrx_word' id='word_1_493' title='bbox 56 4455 207 4510; x_wconf 85' lang='lat' dir='ltr'><strong><em>Turnebus</em></strong></span> <span class='ocrx_word' id='word_1_494' title='bbox 225 4455 338 4509; x_wconf 73' lang='lat' dir='ltr'><strong><em>Adone.</em></strong></span> <span class='ocrx_word' id='word_1_495' title='bbox 353 4455 373 4506; x_wconf 97' lang='lat' dir='ltr'><strong><em>I</em></strong></span> <span class='ocrx_word' id='word_1_496' title='bbox 381 4454 434 4507; x_wconf 79' lang='lat' dir='ltr'><strong><em>Vl</em></strong></span> <span class='ocrx_word' id='word_1_497' title='bbox 452 4454 580 4508; x_wconf 85' lang='lat' dir='ltr'><strong><em>studuit&#39;.</em></strong></span> <span class='ocrx_word' id='word_1_498' title='bbox 620 4445 709 4516; x_wconf 76' lang='grc'><strong><em>(16661</em></strong></span> <span class='ocrx_word' id='word_1_499' title='bbox 729 4452 846 4505; x_wconf 81' lang='lat' dir='ltr'><strong><em>sisuram</em></strong></span> <span class='ocrx_word' id='word_1_500' title='bbox 866 4447 897 4502; x_wconf 83' lang='lat' dir='ltr'><strong><em>&#39;Il</em></strong></span> <span class='ocrx_word' id='word_1_501' title='bbox 915 4448 983 4502; x_wconf 80' lang='lat' dir='ltr'><strong><em>‘nisi</em></strong></span> <span class='ocrx_word' id='word_1_502' title='bbox 1001 4449 1049 4516; x_wconf 81' lang='lat' dir='ltr'><strong><em>qui</em></strong></span> <span class='ocrx_word' id='word_1_503' title='bbox 1068 4446 1204 4501; x_wconf 80' lang='lat' dir='ltr'><strong><em>sisumsm</em></strong></span> 
     </span>
     <span class='ocr_line' id='line_1_48' title="bbox 54 4528 1205 4601; baseline -0.01 -11"><span class='ocrx_word' id='word_1_504' title='bbox 54 4535 168 4590; x_wconf 77' lang='lat' dir='ltr'><strong><em>nalet’:</em></strong></span> <span class='ocrx_word' id='word_1_505' title='bbox 187 4535 222 4601; x_wconf 77' lang='lat' dir='ltr'><strong><em>cf.</em></strong></span> <span class='ocrx_word' id='word_1_506' title='bbox 239 4535 393 4589; x_wconf 88' lang='lat' dir='ltr'><strong><em>Muellerus</em></strong></span> <span class='ocrx_word' id='word_1_507' title='bbox 406 4534 484 4588; x_wconf 87' lang='lat' dir='ltr'><strong><em>Pras.</em></strong></span> <span class='ocrx_word' id='word_1_508' title='bbox 495 4551 523 4601; x_wconf 88' lang='lat' dir='ltr'><strong><em>p.</em></strong></span> <span class='ocrx_word' id='word_1_509' title='bbox 538 4537 575 4587; x_wconf 88' lang='grc'><strong><em>25</em></strong></span> <span class='ocrx_word' id='word_1_510' title='bbox 585 4550 622 4601; x_wconf 78' lang='lat' dir='ltr'><strong><em>sq.</em></strong></span> <span class='ocrx_word' id='word_1_511' title='bbox 644 4531 730 4597; x_wconf 81' lang='lat' dir='ltr'><strong><em>Quasi</em></strong></span> <span class='ocrx_word' id='word_1_512' title='bbox 749 4530 854 4585; x_wconf 81' lang='lat' dir='ltr'><strong><em>loreum</em></strong></span> <span class='ocrx_word' id='word_1_513' title='bbox 869 4528 1005 4596; x_wconf 76' lang='lat' dir='ltr'><strong><em>Berplsius</em></strong></span> <span class='ocrx_word' id='word_1_514' title='bbox 1022 4529 1056 4594; x_wconf 87' lang='lat' dir='ltr'><strong><em>(e.</em></strong></span> <span class='ocrx_word' id='word_1_515' title='bbox 1070 4528 1118 4595; x_wconf 89' lang='lat' dir='ltr'><strong><em>s.):</em></strong></span> <span class='ocrx_word' id='word_1_516' title='bbox 1136 4543 1205 4594; x_wconf 78' lang='lat' dir='ltr'><strong><em>quae</em></strong></span> 
     </span>
     <span class='ocr_line' id='line_1_49' title="bbox 56 4604 1206 4679; baseline -0.012 -10"><span class='ocrx_word' id='word_1_517' title='bbox 56 4622 148 4670; x_wconf 83' lang='lat' dir='ltr'><strong><em>tamen</em></strong></span> <span class='ocrx_word' id='word_1_518' title='bbox 167 4615 200 4668; x_wconf 92' lang='lat' dir='ltr'><strong><em>in</em></strong></span> <span class='ocrx_word' id='word_1_519' title='bbox 216 4616 332 4668; x_wconf 84' lang='lat' dir='ltr'><strong><em>uesicam</em></strong></span> <span class='ocrx_word' id='word_1_520' title='bbox 349 4615 381 4667; x_wconf 88' lang='lat' dir='ltr'><strong><em>it.</em></strong></span> <span class='ocrx_word' id='word_1_521' title='bbox 410 4612 496 4679; x_wconf 83' lang='lat' dir='ltr'><strong><em>Quasi</em></strong></span> <span class='ocrx_word' id='word_1_522' title='bbox 515 4610 653 4664; x_wconf 87' lang='lat' dir='ltr'><strong><em>uiseidnm</em></strong></span> <span class='ocrx_word' id='word_1_523' title='bbox 669 4609 854 4677; x_wconf 77' lang='lat' dir='ltr'><strong><em>Ijsendijkius</em></strong></span> <span class='ocrx_word' id='word_1_524' title='bbox 867 4626 897 4678; x_wconf 90' lang='lat' dir='ltr'><strong><em>p.</em></strong></span> <span class='ocrx_word' id='word_1_525' title='bbox 914 4611 948 4662; x_wconf 84' lang='lat'><strong><em>13</em></strong></span> <span class='ocrx_word' id='word_1_526' title='bbox 963 4604 1095 4675; x_wconf 68' lang='grc'><strong><em>(666611).</em></strong></span> <span class='ocrx_word' id='word_1_527' title='bbox 1127 4605 1206 4674; x_wconf 76' lang='lat' dir='ltr'><strong><em>Quod</em></strong></span> 
     </span>
     <span class='ocr_line' id='line_1_50' title="bbox 56 4686 1206 4763; baseline -0.01 -14"><span class='ocrx_word' id='word_1_528' title='bbox 56 4693 165 4763; x_wconf 76' lang='lat' dir='ltr'><strong><em>tyrium</em></strong></span> <span class='ocrx_word' id='word_1_529' title='bbox 185 4695 324 4762; x_wconf 81' lang='lat' dir='ltr'><strong><em>temptavi,</em></strong></span> <span class='ocrx_word' id='word_1_530' title='bbox 345 4694 485 4762; x_wconf 79' lang='lat' dir='ltr'><strong><em>intellepas</em></strong></span> <span class='ocrx_word' id='word_1_531' title='bbox 506 4692 602 4758; x_wconf 80' lang='grc' dir='ltr'><strong><em>τυρίον</em></strong></span> <span class='ocrx_word' id='word_1_532' title='bbox 621 4693 661 4744; x_wconf 85' lang='grc'><strong><em>661</em></strong></span> <span class='ocrx_word' id='word_1_533' title='bbox 678 4689 781 4758; x_wconf 76' lang='grc' dir='ltr'><strong><em>Τύριον</em></strong></span> <span class='ocrx_word' id='word_1_534' title='bbox 799 4690 922 4757; x_wconf 76' lang='lat' dir='ltr'><strong><em>quaesita</em></strong></span> <span class='ocrx_word' id='word_1_535' title='bbox 941 4687 1119 4755; x_wconf 79' lang='lat' dir='ltr'><strong><em>ambipuitate</em></strong></span> <span class='ocrx_word' id='word_1_536' title='bbox 1133 4686 1206 4739; x_wconf 85' lang='lat' dir='ltr'><strong><em>inter</em></strong></span> 
     </span>
     <span class='ocr_line' id='line_1_51' title="bbox 56 4767 1204 4844; baseline -0.01 -14"><span class='ocrx_word' id='word_1_537' title='bbox 56 4791 166 4831; x_wconf 79' lang='grc'><strong><em>666666</em></strong></span> <span class='ocrx_word' id='word_1_538' title='bbox 190 4778 215 4828; x_wconf 81' lang='lat' dir='ltr'><strong><em>ct</em></strong></span> <span class='ocrx_word' id='word_1_539' title='bbox 234 4773 350 4844; x_wconf 75' lang='lat' dir='ltr'><strong><em>Tyrium</em></strong></span> <span class='ocrx_word' id='word_1_540' title='bbox 373 4775 557 4827; x_wconf 84' lang='lat' dir='ltr'><strong><em>vestimentum</em></strong></span> <span class='ocrx_word' id='word_1_541' title='bbox 581 4775 622 4838; x_wconf 90' lang='lat' dir='ltr'><strong><em>(ut</em></strong></span> <span class='ocrx_word' id='word_1_542' title='bbox 646 4777 727 4824; x_wconf 87' lang='lat' dir='ltr'><strong><em>antea</em></strong></span> <span class='ocrx_word' id='word_1_543' title='bbox 750 4770 889 4823; x_wconf 84' lang='lat' dir='ltr'><strong><em>interius</em></strong></span> <span class='ocrx_word' id='word_1_544' title='bbox 912 4774 937 4822; x_wconf 91' lang='lat' dir='ltr'><strong><em>et</em></strong></span> <span class='ocrx_word' id='word_1_545' title='bbox 961 4767 1109 4820; x_wconf 90' lang='lat' dir='ltr'><strong><em>amiculum</em></strong></span> <span class='ocrx_word' id='word_1_546' title='bbox 1127 4781 1204 4820; x_wconf 89' lang='lat' dir='ltr'><strong><em>eroco</em></strong></span> 
     </span>
    </p>
   </div>
   <div class='ocr_carea' id='block_1_3' title="bbox 110 4861 990 4912">
    <p class='ocr_par' dir='ltr' id='par_1_11' title="bbox 110 4861 990 4912">
     <span class='ocr_line' id='line_1_52' title="bbox 110 4861 990 4912; baseline -0.005 0"><span class='ocrx_word' id='word_1_547' title='bbox 110 4874 205 4912; x_wconf 68' lang='lat' dir='ltr'><strong><em>Pnnvnx</em></strong></span> <span class='ocrx_word' id='word_1_548' title='bbox 219 4871 298 4911; x_wconf 74' lang='lat' dir='ltr'><strong><em>Pnsn</em></strong></span> <span class='ocrx_word' id='word_1_549' title='bbox 974 4861 990 4908; x_wconf 86' lang='grc'><strong><em>9</em></strong></span> 
     </span>
    </p>
   </div>
   <div class='ocr_carea' id='block_1_4' title="bbox 0 0 1460 5528">
    <p class='ocr_par' dir='ltr' id='par_1_12' title="bbox 0 0 1460 5528">
     <span class='ocr_line' id='line_1_53' title="bbox 0 0 1460 5528; baseline 0 0"><span class='ocrx_word' id='word_1_550' title='bbox 0 0 1460 5528; x_wconf 95' lang='lat' dir='ltr'><strong><em> </em></strong></span> 
     </span>
    </p>
   </div>
  </div>
 </body>
</html>
