2910 5528
107 39 1105 326 u

156 744 300 797 ers-uss
637 738 822 796 APPENDIX
1237 739 1300 804 169

155 901 308 972 Seyffertus
331 901 411 959 siud.
431 902 474 957 Pl.
492 919 521 971 p.
540 908 566 959 7.
585 933 619 943 -
642 902 673 956 ni
695 902 770 957 mele
789 902 842 968 dei.
863 901 982 956 Ellisiue
1001 902 1018 956 l.
1037 918 1058 956 s.
1077 917 1098 955 s.
1114 917 1144 970 p.
1167 904 1234 955 104!
1269 904 1302 956 ut

155 982 229 1036 mule
251 980 429 1039 munnam
447 985 511 1054 (quo
528 988 634 1038 seruato
652 999 738 1037 unum
757 982 785 1035 id
803 983 868 1036 troi.
886 982 1027 1051 (inpetus).
1056 981 1130 1035 male
1144 983 1177 1034 ut
1189 979 1227 1035 lt.
1258 981 1302 1035 uti

154 1061 231 1117 malo
259 1062 380 1120 Botbius
407 1065 481 1132 (item
508 1063 565 1119 Leo
589 1063 639 1120 ‘D.
662 1063 774 1134 Lu'trtp.¹
800 1080 825 1117 a.
849 1067 924 1118 1885
943 1080 973 1132 p.
998 1063 1055 1130 86).
1094 1064 1126 1115 ut
1152 1060 1226 1116 mule
1254 1077 1302 1116 eas

157 1141 297 1199 Gerteiue.
331 1144 390 1198 uim
409 1144 477 1199 meli
495 1141 535 1198 Β.

246 1227 309 1279 tle.
328 1223 453 1279 doctiuet
469 1223 513 1279 ill:
532 1224 566 1292 et.
589 1224 703 1279 Olseuus
717 1240 747 1293 p.
768 1227 812 1278 78.

245 1308 308 1358 reb.
327 1301 431 1357 Verum
456 1302 530 1357 illud
547 1304 591 1358 ost
614 1319 785 1357 maxumum:
810 1302 880 1357 sdeo
900 1305 940 1357 ecl.
960 1308 1025 1358 eet:
1043 1303 1093 1357 ubi
1116 1318 1301 1372 maxumeque

156 1382 334 1439 Camerarius
360 1384 405 1452 (de
431 1399 588 1454 magnaque
615 1383 686 1438 adeo
704 1384 841 1453 copitabat
871 1383 1009 1452 Weisius).
1047 1381 1151 1437 Verum
1178 1381 1247 1436 illuc
1274 1385 1303 1436 et

155 1478 291 1518 munins
309 1464 380 1519 odeo
398 1464 525 1520 Botbiuc.
562 1463 665 1518 Verum
681 1463 754 1519 illud
773 1481 833 1518 esse
852 1479 983 1517 maxuma
1004 1463 1074 1518 adeo
1093 1461 1122 1517 ll
1141 1465 1186 1532 (ec
1204 1462 1303 1529 Gellio,

154 1548 187 1596 ut
201 1543 347 1613 putabat),
361 1545 465 1600 metens
480 1544 612 1614 ‘praestat
625 1546 741 1611 sonasse
754 1561 815 1599 eene
828 1544 918 1598 illuc’.
940 1545 980 1610 Of.
997 1543 1147 1597 Muellerus
1157 1558 1187 1611 p.
1199 1545 1254 1596 335
1263 1557 1301 1610 sq.

155 1621 264 1676 Verum
283 1626 328 1678 est
339 1622 423 1679 illud:
445 1639 576 1678 maxuma
589 1624 618 1678 id
634 1624 704 1678 adeo
719 1624 870 1695 Lanpenus
885 1624 995 1679 ‘Brit-r)
1007 1641 1038 1692 p.
1054 1627 1107 1678 147
1122 1623 1168 1689 (ef.
1181 1639 1209 1691 p.
1220 1622 1303 1690 132).-

154 1704 191 1768 οι.
211 1702 362 1758 Braunius
383 1703 490 1759 Obseru.
508 1721 621 1774 pramm.
639 1721 666 1772 p.
687 1707 722 1758 35
741 1710 765 1759 et
783 1705 943 1759 Sbutscbius
962 1705 1168 1772 l.s.s.p.117.
1198 1701 1302 1756 Verum

154 1781 224 1837 illno
243 1784 301 1837 est:
320 1798 452 1838 maxuma
471 1784 540 1839 adeo
560 1785 709 1860 Septimius
722 1786 860 1854 praefert,
876 1785 1056 1854 paratactiee.

246 1866 308 1916 282.
333 1861 408 1917 estin
433 1861 473 1917 sic
499 1879 544 1916 mo
570 1864 669 1918 deceat
694 1864 899 1919 Studemumtus
924 1866 956 1918 in
982 1863 1061 1919 stud.
1080 1864 1145 1932 Ip.
1166 1867 1220 1918 167
1237 1864 1303 1917 adu.

154 1942 208 2012 (cel
225 1941 298 1996 haec
317 1959 362 1996 me
381 1941 510 2009 deceant)
529 1945 691 1998 assentiente
709 1944 861 1999 Schradero
875 1945 908 1998 de
926 1955 978 2005 -ra
991 1944 1094 2014 partic.
1104 1959 1135 2011 p.
1149 1947 1190 1998 29
1201 1941 1276 2013 [288
1273 1941 1299 2011 ].

154 2020 231 2077 satin
254 2021 326 2076 haec
345 2021 445 2077 doceat
467 2021 537 2077 mihi
558 2021 815 2079 Sonuemcbeinius.
853 2024 927 2078 estin
951 2040 996 2077 me
1019 2024 1174 2077 condeceat
1191 2019 1224 2078 S
1242 2023 1301 2076 coll.

154 2101 256 2157 Pseud.
275 2104 339 2156 935.
375 2101 430 2156 Vbi
457 2102 570 2157 ‘aurum
597 2109 622 2157 et
645 2104 763 2171 pallanu'
791 2101 825 2158 ‘lu
853 2103 901 2158 deis
928 2105 1011 2158 doctr
1037 2120 1092 2159 esee
1114 2118 1191 2170 posse
1215 2107 1303 2156 rnonet

154 2182 322 2252 Seyffertus,
349 2183 406 2236 nisi
433 2181 552 2237 deceant
578 2189 702 2252 praestet.
742 2182 784 2250 Cf.
807 2201 832 2240 o.
857 2174 998 2240 166172
1027 2187 1062 2254 (u.
1088 2183 1246 2252 Speupeltus
1272 2181 1301 2238 T.

247 2346 309 2396 288.
332 2358 377 2395 me
404 2341 480 2396 istuc
508 2358 603 2398 curare
631 2345 712 2398 ettam
738 2344 767 2397 ll
793 2344 890 2413 Opusc.
906 2345 976 2413 pbil.
998 2344 1040 2396 ΙΙ
1054 2360 1082 2410 p.
1102 2345 1167 2397 286.
1205 2357 1302 2396 curare

153 2420 230 2476 istuc
249 2437 295 2474 me
314 2421 443 2491 Euperus
461 2423 494 2476 ele
507 2439 581 2490 pros.
599 2441 629 2493 p.
650 2424 718 2478 XV.
756 2425 798 2491 Cf.
813 2425 974 2479 Skutscbius
993 2424 1011 2477 l.
1025 2441 1045 2478 e.
1060 2439 1081 2478 s.
1093 2440 1122 2492 p.
1138 2425 1199 2477 142.

247 2505 300 2554 284
309 2516 348 2569 sq.
366 2500 571 2556 Philolachem:
590 2520 625 2557 ne
644 2504 712 2573 quid
733 2504 852 2560 lt'eisius
871 2505 918 2573 (ιιι
936 2522 972 2559 ne
990 2505 1072 2559 ettam
1091 2503 1251 2569 Bentleius).
1268 2531 1301 2541 —

153 2580 364 2637 Philolachem:
387 2581 412 2636 is
430 2598 465 2636 ne
485 2583 553 2651 quid
572 2588 661 2650 amet,
686 2584 741 2639 nisi
764 2584 839 2653 quod
862 2585 918 2654 ipsi
936 2585 1050 2654 placeat
1067 2599 1166 2636 conseo
1186 2582 1302 2635 Britecl-

153 2664 281 2730 errayrius
299 2662 317 2715 l.
331 2677 353 2716 s.
367 2677 387 2716 s.
408 2691 441 2701 -
460 2659 514 2716 sibi
528 2680 583 2733 pro
602 2664 652 2718 tibi
673 2666 754 2718 etiam
773 2665 930 2735 Seyffertus.
952 2696 985 2703 -
1010 2665 1091 2718 Inter
1108 2661 1163 2716 nisi
1182 2667 1206 2715 et
1227 2661 1302 2729 quod

153 2740 209 2794 tibi
228 2740 342 2809 placere
360 2741 473 2794 censeat
491 2742 541 2795 boc
557 2743 772 2811 supplementum
791 2746 994 2799 commendabat
1013 2743 1042 2796 ll
1061 2745 1078 2799 l.
1093 2759 1113 2796 s.
1128 2759 1164 2797 s.:
1184 2741 1302 2809 quodie
1405 2780 1409 2788 .

153 2821 256 2877 decere
278 2822 399 2875 censent.
415 2823 424 2890 ι
439 2819 518 2885 Quod
542 2821 587 2875 illi
609 2824 732 2892 placent,
763 2840 841 2892 cura,
870 2842 969 2893 quam:
996 2825 1045 2877 ubi
1067 2839 1123 2875 non
1145 2837 1302 2890 proquam

154 2902 300 2972 Kayserus
323 2902 340 2954 l.
362 2918 383 2955 s.
400 2917 422 2954 s.
437 2917 467 2969 p.
487 2905 549 2957 424.
591 2903 737 2959 Lacunam
764 2907 893 2971 artificiis
920 2904 1121 2972 interpretandi
1153 2903 1302 2957 removebat

159 2981 307 3052 Vssinpius
321 2982 459 3047 refutante
473 2981 615 3036 Lorenrio.
644 2984 741 3038 decore
751 3002 806 3055 pro
820 2986 931 3055 placere
945 2985 1043 3038 intulit
1055 2984 1303 3038 Sorinenscbetnius

150 3063 288 3131 probante
312 3077 420 3116 censore
442 3062 546 3131 ‘pbilol
565 3063 647 3118 Arte)
671 3065 753 3117 XVI
769 3084 800 3134 p.
821 3071 889 3120 521:
917 3066 990 3133 quael
1013 3065 1171 3132 irnprobons
1194 3079 1303 3117 eorume-

153 3147 309 3196 moraoerat
332 3140 362 3193 lt
384 3159 411 3209 p.
431 3145 487 3196 487
510 3159 543 3196 en
565 3158 646 3211 eoque
668 3144 827 3200 Larentiae.
867 3147 946 3199 idem
968 3144 1120 3199 Lorcnrius
1143 3161 1166 3197 o.
1186 3146 1238 3195 286
1261 3144 1303 3198 ita

153 3223 285 3286 retinuit,
317 3229 349 3276 ut
382 3223 509 3277 lamiscum
539 3228 601 3290 post
632 3241 692 3278 eum
719 3226 888 3295 sipnittcaret
920 3240 976 3278 non
1005 3226 1131 3295 respectis
1158 3223 1303 3277 Ritsclulii

154 3303 320 3356 ratioreibus.

245 3387 306 3437 287.
335 3382 407 3448 Quid
427 3400 497 3452 opus
516 3384 572 3451 est,
595 3383 671 3451 quod
694 3387 773 3438 situm
794 3402 854 3439 esse
878 3385 963 3451 nolit,
985 3385 1015 3437 id
1040 3383 1065 3437 ei
1088 3383 1132 3438 ll:
1155 3386 1204 3438 ubi
1222 3402 1301 3438 suum

153 3466 217 3518 isse
236 3462 398 3531 Spenpelius
417 3463 449 3517 T.
465 3463 505 3518 M.
523 3463 556 3517 P.
567 3482 596 3532 p.
613 3469 659 3531 81,
673 3468 757 3534 opust
771 3466 921 3519 Muellerus
935 3465 1011 3519 Pras
1023 3481 1053 3533 p.
1068 3468 1125 3519 298
1139 3465 1204 3519 adn.
1219 3463 1303 3533 (nolit

129 3567 136 3576 ·
152 3542 180 3596 ei
200 3545 283 3597 etiam
302 3543 422 3598 Brieius
440 3544 478 3598 ad
497 3545 560 3598 Mil.
580 3561 638 3613 arp.
659 3546 728 3613 Ic).
744 3577 779 3586 -
797 3544 845 3599 ted
865 3545 940 3600 ultro
961 3547 1103 3600 ostentare
1124 3545 1149 3599 ei
1170 3544 1301 3618 Gupetus.

153 3640 171 3676 a
190 3625 220 3675 te
238 3622 314 3675 ultro
334 3623 502 3676 ostentatisr
520 3623 673 3692 Septimiae

197 3740 200 3744 .
246 3705 307 3755 288.
323 3704 400 3756 aetas
415 3703 584 3758 occultanda
599 3707 650 3771 eet,
664 3723 762 3759 autrum
773 3707 855 3775 turpe
869 3705 979 3759 mulieri
991 3706 1166 3761 Carnerarius
1179 3708 1302 3775 itemque,

153 3780 387 3849 centurpennis
406 3784 451 3850 (ef.
473 3784 588 3839 Olsenus
601 3802 631 3854 p.
652 3787 713 3852 94).·
736 3787 786 3840 ubi
803 3802 870 3840 auro
889 3788 970 3855 turpe
994 3785 1121 3839 mulieris
1140 3787 1302 3840 Lambinus.

154 3863 236 3917 setae
256 3863 300 3915 eet
319 3863 488 3918 occultanda
507 3868 535 3919 et
554 3880 621 3918 auro
640 3868 723 3934 turpe
747 3864 858 3919 mulieri
877 3866 1057 3921 Bonbornins
1076 3865 1255 3934 (occultanda
1273 3868 1302 3919 et

154 3957 225 3996 auro
243 3941 327 3994 etium
346 3940 514 4012 Beretleiust:
538 3961 591 4013 quo
613 3946 781 4006 dioecetas
801 3944 969 3999 occultando
988 3948 1016 4000 et
1035 3962 1103 3999 auro
1122 3945 1197 4012 turpi
1222 3943 1302 3996 muli·

155 4021 228 4077 erist
250 4021 403 4076 Lorenrius
426 4039 482 4077 non
506 4026 677 4093 improbante
700 4026 830 4096 Lanpenc
855 4025 933 4079 Steti.
953 4026 998 4079 Pl.
1017 4043 1044 4093 p.
1065 4030 1109 4078 58.
1148 4023 1235 4076 aetati
1257 4039 1301 4075 oc·

156 4100 310 4155 cullandae
338 4104 368 4153 et
396 4117 493 4156 aurum
522 4104 599 4172 turpi
626 4103 766 4159 mulierist
791 4106 919 4174 Buppius
948 4104 1069 4158 ‘Ttdslen
1092 4105 1112 4168 f.
1133 4102 1209 4168 filol’
1236 4102 1304 4155 Vll

151 4200 183 4251 p.
204 4185 286 4249 19sq.
303 4181 438 4247 probante
461 4183 580 4252 Berpleio
605 4184 715 4240 ‘Betim'
737 4202 767 4253 p.
787 4188 824 4239 52
841 4186 906 4237 adri.
944 4183 1032 4237 aetati
1056 4181 1238 4236 occultandae
1261 4186 1303 4236 est

155 4262 256 4315 natum
282 4259 316 4329 [t]
343 4260 420 4329 turpi
443 4263 553 4316 mulieri
584 4264 733 4334 Vesinptus.
781 4263 949 4329 Sententiae,
977 4279 1033 4316 non
1059 4263 1165 4316 rationi
1192 4262 1303 4315 criticae

153 4341 327 4406 satmsaceret
346 4342 441 4395 etiam:
460 4345 540 4396 aetas
559 4344 726 4398 occultanda
745 4347 794 4397 eut
809 4343 982 4412 turpitudoet
996 4341 1114 4395 mulieri.
1143 4342 1185 4394 De
1200 4343 1302 4395 lacuna

150 4428 217 4491 post
245 4420 335 4475 aetati
363 4421 546 4476 occultandae
574 4428 629 4478 est:
659 4442 755 4478 aruum
785 4423 860 4491 turpi
883 4420 994 4474 mulieri
1020 4423 1121 4489 sopitat
1145 4421 1302 4489 Seyffertus.

162 4502 252 4556 Varia
270 4501 418 4555 conaueina
435 4519 496 4557 cum
515 4505 580 4558 alies
599 4505 725 4559 laborant
743 4504 926 4566 irteommoelis,
950 4507 1006 4555 tum
1020 4502 1089 4555 rurale
1103 4503 1201 4555 aetolis
1215 4505 1303 4571 turpi-

156 4583 316 4650 tudinisque
334 4597 446 4637 causam
469 4585 640 4653 contiunpunt
659 4591 708 4639 αιιι
722 4601 880 4653 purpuram
894 4584 928 4636 ab
943 4599 1012 4636 auro
1026 4588 1163 4650 separant.
1188 4582 1303 4637 Videtur

155 4663 291 4717 sestertia
318 4662 424 4716 subesse
450 4665 560 4719 mulieri
586 4667 619 4721 ob
647 4672 760 4721 aetatem
787 4664 964 4718 occultandae
987 4668 1036 4717 aut
1061 4663 1138 4731 turpi
1160 4665 1225 4716 usui
1250 4680 1303 4718 esse

150 4759 325 4812 purpuram:
348 4744 422 4797 unde
440 4761 538 4799 aurum
555 4763 608 4815 pro
626 4749 685 4802 seete
704 4746 872 4812 corruptelae
889 4745 982 4810 ttcbus',
1001 4745 1073 4813 quaet
1091 4760 1148 4798 nort
1160 4745 1248 4812 mepte
1262 4762 1302 4798 re-

155 4825 274 4892 aptatur
294 4823 326 4876 iu
344 4839 423 4877 uersu
442 4827 566 4893 opposito
584 4832 608 4879 et
626 4827 709 4893 facile
727 4826 827 4893 irtserri
841 4825 936 4895 potuit
953 4841 986 4879 en
1004 4842 1027 4880 e.
1047 4827 1116 4879 282.
1135 4827 1201 4881 286.
