2910 5528
147 320 198 373 XX
614 314 820 372 PRAEFATIO

152 503 233 566 quae
254 483 351 566 vulgo
371 503 457 545 nona
476 482 664 545 numeratur
684 483 774 543 actus
794 479 910 563 quarti,
928 479 1032 543 exitus
1051 478 1182 545 fabulae
1201 502 1290 564 prae·

151 589 311 672 cipitatur.
334 587 428 651 Hanc
442 588 544 672 igitur
558 608 707 651 scaenam
726 607 798 650 cum
818 584 986 669 probabile
1005 585 1050 649 sit
1068 585 1201 650 amissis
1220 608 1289 669 par·

152 695 239 758 tibus
264 694 456 778 quibusdam
480 695 514 757 in
537 694 666 757 brevius
690 695 888 758 contractam
911 712 996 774 esse,
1023 691 1119 757 simul
1144 691 1223 756 hinc
1245 693 1290 756 in·

151 799 248 865 solita
276 798 418 862 brevitas
446 798 549 861 totius
577 797 706 861 fabulae
735 797 844 881 aliqua
871 797 987 862 saltem
1011 820 1050 862 ex
1071 802 1167 883 parte
1191 800 1289 882 repeti

153 905 282 991 poterit.
301 940 343 951 -
364 902 485 968 Contra
505 903 655 967 molestia
672 925 738 968 non
757 908 854 983 caret,
878 903 962 987 quod
986 905 1019 968 in
1039 909 1159 989 quarta
1176 926 1290 969 scaeua

152 1012 294 1076 eiusdem
319 1013 410 1073 actus
433 1010 535 1073 nimia
558 1031 595 1073 ao
617 1030 719 1093 prope
743 1009 856 1092 putida
875 1009 1046 1095 diligentia
1064 1011 1203 1096 virginis
1222 1034 1289 1076 cum

153 1119 267 1182 lenone
288 1138 393 1181 sermo
412 1119 626 1200 praeparatur
643 1118 833 1199 tantumque
853 1136 962 1181 morae
982 1115 1143 1181 inutiliter
1154 1118 1290 1182 nectit-ur

153 1229 327 1308 antequam
350 1221 425 1285 huic
448 1221 507 1284 illa
530 1242 639 1285 coram
663 1219 809 1285 sistitur’.
1230 1288 1240 1298 ‚

241 1327 381 1392 ‘Leviori
404 1327 563 1390 factarum
587 1326 666 1390 olim
686 1326 854 1391 turbarum
872 1327 1000 1410 indicio,
1022 1350 1121 1413 quam
1142 1330 1194 1394 cui
1214 1331 1287 1395 mul·

153 1439 222 1501 tum
246 1435 381 1519 tribuas,
405 1432 562 1505 memoria
585 1431 779 1497 Glossarii
803 1433 981 1499 Plautini
1004 1435 1094 1500 illius
1121 1440 1181 1520 ast,
1204 1438 1288 1502 cuius

153 1538 349 1608 testimoniis
377 1539 552 1604 identidem
575 1561 640 1602 non
665 1540 733 1603 sine
756 1539 862 1605 fructu
886 1541 936 1604 usi
959 1562 1079 1606 sumus.
1126 1541 1165 1606 ln
1189 1565 1253 1628 qno
1274 1565 1288 1607 c

154 1650 253 1713 Persa
277 1650 426 1730 excerpta
450 1645 602 1709 adverbia
624 1644 686 1709 hoc
710 1666 743 1708 se
768 1646 879 1709 ordine
898 1647 1075 1730 excipiunt,
1093 1670 1192 1733 quem
1211 1650 1287 1714 infra

154 1754 248 1840 posui
272 1753 389 1818 additis
413 1773 564 1816 versuum
587 1752 742 1816 numeris:

287 1859 500 1944 quadriduo
516 1858 557 1923 37
582 1858 750 1924 hcre108
775 1860 935 1943 temperi
950 1861 1015 1925 229
1036 1862 1288 1927 amicitar255

288 1969 418 2030 tuttax
442 1964 492 2028 vel
516 1968 626 2028 tutax
647 1965 712 2028 265
749 1964 960 2049 frugaliter
979 1966 1045 2030 449
1067 1963 1164 2053 (454)
1197 1989 1286 2032 com·

227 2124 230 2129 .
285 2072 458 2155 pluriens
478 2070 544 2134 534
576 2072 832 2153 contemptim
856 2071 920 2136 547
954 2073 1209 2157 prognaritar
1230 2074 1287 2138 588

285 2177 447 2241 interibi
481 2177 752 2258 protinam680
775 2199 933 2262 prorsus
948 2164 1014 2262 pro
1030 2179 1286 2245 continuodll

153 2287 180 2351 Ε
214 2285 330 2370 quibus
360 2283 464 2346 solum
492 2280 656 2345 interibi
683 2303 749 2345 non
781 2282 880 2347 habet
908 2281 1003 2346 hodia
1032 2304 1096 2366 quo
1125 2284 1286 2348 referatur:

154 2392 282 2477 quando
315 2390 356 2453 ad
385 2411 413 2453 v.
439 2389 510 2452 172.
536 2389 600 2451 174
630 2391 774 2470 spectare
803 2389 935 2452 minime
964 2389 1117 2454 credibile
1146 2394 1205 2456 est.
1248 2389 1285 2453 Vt

153 2501 238 2562 intcr
271 2520 300 2563 v.
322 2496 387 2561 588
416 2498 448 2557 et
477 2494 540 2557 677
575 2491 664 2578 (nam
696 2515 772 2558 casu
801 2499 875 2559 ante
903 2517 1062 2579 prorsus
1091 2497 1283 2562 conlocatum

155 2605 349 2688 protinam
373 2599 514 2684 putarim
540 2599 590 2679 [cf.
617 2600 735 2663 testim.
760 2601 800 2664 ad
823 2623 853 2664 v.
872 2601 937 2665 680
956 2606 989 2665 et
1008 2599 1104 2687 704])
1128 2603 1236 2686 aliquo
1255 2603 1281 2664 in

154 2712 225 2775 loco
259 2707 382 2791 aliquid
410 2728 487 2770 sane
518 2705 718 2770 intercidisse
747 2705 915 2771 videatur’.
966 2707 1191 2773 Festinantius
1218 2730 1281 2773 sane

155 2816 345 2899 Spengeliua
369 2813 404 2877 Τ.
423 2811 465 2889 Μ.
485 2811 521 2876 Ρ.
539 2836 569 2896 p.
590 2814 629 2876 51
655 2812 738 2878 hanc
762 2813 978 2878 coniecturam
1005 2815 1182 2898 approbari
1200 2835 1280 2898 posse

154 2921 333 3005 praefracte
357 2921 502 3003 negavit,
529 2941 602 2982 curn
626 2943 654 2984 v.
676 2921 739 2984 165
762 2920 925 2985 interibi
952 2922 1016 2984 fere
1040 2926 1130 2986 certa
1156 2920 1277 2986 Acidalii

154 3028 374 3092 emendatione
412 3031 633 3109 recuperatum
671 3026 722 3089 sit.
780 3023 904 3090 Contra
940 3049 1033 3110 quem
1072 3051 1171 3111 quam
1207 3030 1277 3091 recte

154 3133 351 3197 Ritschelius
380 3132 495 3216 Opusc.
525 3132 603 3216 phil.
627 3131 660 3196 II
693 3155 722 3215 p.
746 3133 811 3198 266
843 3133 877 3196 in
910 3133 1072 3197 sententia
1105 3132 1277 3217 perstiterit,

155 3261 239 3303 nunc
263 3239 335 3302 inde
360 3244 462 3322 patet,
491 3239 575 3323 quod
602 3240 671 3321 ipse
696 3239 931 3303 Ambrosianus
954 3241 1039 3303 inter
1062 3261 1174 3305 versus
1197 3259 1277 3324 supra

154 3346 412 3428 circumscriptos
442 3366 563 3409 novum
591 3346 724 3428 praebet
747 3342 881 3430 (671b),
910 3345 963 3430 qui
994 3368 1091 3430 quam
1120 3346 1213 3411 facile
1233 3346 1276 3408 iu-

153 3452 271 3527 teribi
295 3452 446 3534 recipiat,
471 3451 617 3533 exemplo
641 3450 880 3515 declaravimus.

147 3645 148 3648 Ἴ
242 3556 345 3621 Multo
380 3555 544 3619 difficilius
577 3556 820 3641 intricatiusque
853 3557 1004 3621 iudicium
1037 3562 1088 3621 est
1117 3557 1156 3622 de
1183 3557 1275 3621 fabula

153 3686 210 3748 per
235 3663 415 3744 διασκευὴν
434 3665 609 3726 contracta.
647 3661 731 3727 Nam
751 3685 822 3727 oum
843 3662 1047 3747 Ladewigius
1067 3663 1183 3728 Philol.
1197 3659 1274 3728 XVII

154 3792 183 3851 p.
198 3770 263 3832 474
274 3791 340 3851 sqq.
364 3768 397 3831 in
417 3769 523 3850 priore
544 3769 682 3831 maxime
702 3769 830 3832 fabulae
849 3773 943 3853 parte
962 3769 1094 3834 lacunas
1114 3770 1276 3853 complures

152 3875 323 3956 indagasse
356 3873 416 3936 sibi
449 3872 622 3954 videretur,
655 3877 740 3937 recte
770 3873 829 3937 has
859 3875 1003 3960 argutias
1031 3873 1187 3941 Goetaius
1213 3873 1278 3938 refu·

152 3979 235 4041 tavit
264 3980 334 4042 Aet.
365 3999 428 4042 soc.
459 3978 536 4060 phil.
566 3979 653 4062 Lips.
672 3979 719 4043 VI
750 4002 780 4062 p.
799 3980 956 4063 297sqq.:
988 4002 1091 4064 neque
1120 3981 1277 4066 quidquam

153 4086 261 4146 valent
292 4107 372 4167 quae
402 4086 435 4146 in
464 4083 640 4169 Ladcwigii
670 4087 863 4150 sententiam
886 4087 1091 4170 ljsendijkius
1120 4085 1280 4173 disputarit

154 4188 192 4250 de
220 4190 254 4252 Τ.
278 4190 321 4253 M.
346 4191 378 4253 P.
404 4192 501 4255 Persa
528 4193 573 4255 ed.
598 4192 682 4256 Trai.
707 4193 754 4257 ad.
779 4192 840 4256 Rh.
865 4217 891 4256 a.
914 4193 999 4258 1884
1024 4215 1063 4276 p.·
1073 4192 1117 4259 52
1128 4216 1213 4279 sqq„
1238 4191 1281 4278 qui

154 4314 190 4353 ex
220 4297 419 4377 argumentis
448 4299 610 4361 futtilibus
637 4298 675 4361 de
699 4299 971 4363 contaminatione
995 4300 1173 4364 statuenda
1195 4300 1285 4365 hario

154 4395 238 4459 latus
267 4407 324 4462 est.
371 4400 417 4464 Of.
449 4399 626 4485 Seyffertus
654 4404 687 4467 in
712 4403 804 4469 Burs.
828 4402 946 4468 Annal.
966 4402 1091 4468 XLVII
1113 4429 1145 4491 p.
1169 4409 1286 4489 lllsq.
