2910 5528
133 39 1119 355 u

164 763 298 811 roo-ur
641 758 824 813 ueruuurx
1236 764 1299 827 159

160 916 355 984 interpolatori
374 917 465 971 deberi
484 918 543 985 (qui
561 918 672 971 debebat
688 919 782 972 saltem
800 918 941 988 uolumus)
959 936 1034 974 neore
1052 926 1176 989 apertura
1194 928 1245 977 eet:
1268 930 1300 977 ut

160 1013 216 1052 uon
241 1002 313 1052 recte
338 996 403 1051 olim
430 997 579 1050 iudicarim
605 998 636 1051 in
663 998 794 1053 Welclecri
816 1000 969 1069 Nacbiiqw
996 1001 1070 1056 Mur.
1099 1001 1186 1057 Rben.
1212 1009 1231 1057 t.
1252 1005 1302 1057 IV

156 1092 186 1144 p.
206 1075 273 1130 532³
294 1073 341 1130 il:
363 1077 397 1141 εἰ.
419 1075 517 1144 Opuec.
532 1077 602 1144 pbil.
623 1077 665 1130 II
679 1095 707 1144 p.
728 1080 962 1146 1111011.,113,
1000 1081 1076 1136 Male
1094 1099 1199 1136 orreum
1217 1083 1300 1137 Lara·

161 1157 306 1210 anianum
336 1154 447 1209 Toxzao
476 1156 636 1210 vindicabat
664 1157 846 1226 ljuendijlciua
864 1176 895 1227 p.
914 1164 968 1220 42.
998 1161 1063 1214 Post
1087 1178 1188 1216 nomen
1210 1164 1300 1232 suppl.

161 1235 271 1304 Hospes
291 1252 361 1305 quor
377 1251 480 1289 nomen
500 1241 600 1303 rogas?
615 1236 738 1290 Kocbiue
752 1237 813 1291 Em.
829 1239 874 1293 Pl.
885 1255 915 1306 p.
932 1239 1021 1304 XVI,
1039 1239 1164 1308 Loquere
1183 1242 1250 1309 quid
1268 1245 1301 1296 tu

158 1314 187 1367 id
200 1314 363 1382 quaeritant
373 1315 536 1370 Redtlobiue
548 1317 631 1384 symb.
646 1318 707 1369 crit.
712 1333 741 1383 p.
755 1322 798 1381 15,
814 1317 888 1371 Scire
899 1322 927 1373 te
938 1320 1004 1387 quid
1016 1320 1136 1374 attinet?
1149 1321 1301 1391 Vesiupiue,

159 1393 270 1458 Quaero
289 1397 374 1464 (Quo)
392 1395 460 1463 quid
479 1394 508 1448 id
527 1395 562 1447 ad
582 1398 611 1448 te
630 1396 753 1450 attinet?
774 1397 908 1454 Goetriue.

253 1480 313 1528 701.
333 1474 382 1528 Το.
402 1471 474 1537 Quid
493 1473 596 1528 attinet
614 1492 715 1529 nomen
732 1476 912 1531 Camerarius.
933 1478 984 1532 To.
1000 1478 1073 1544 Quid
1086 1478 1116 1532 id
1131 1481 1233 1535 attinet
1246 1500 1297 1537 noa

158 1553 315 1608 Acidaliae.
352 1553 404 1608 Do.
429 1551 500 1617 Quia
523 1552 628 1609 attinet
649 1571 700 1608 nos
725 1558 813 1611 11.-
838 1557 908 1611 sciee
927 1573 982 1625 pro
1005 1560 1036 1610 ut
1062 1558 1134 1612 seiae
1157 1560 1299 1615 Abrabam

155 1633 236 1688 seua.
256 1634 300 1690 Pl.
320 1649 350 1702 p.
369 1638 441 1688 234:
468 1635 549 1701 quasi
570 1635 608 1688 eia
631 1635 711 1701 locis,
738 1636 775 1688 ad
798 1652 913 1704 quorum
935 1636 1143 1692 similitudinem
1165 1643 1293 1707 correxit,

157 1714 264 1767 cimilia
277 1713 470 1782 praecederent
487 1718 568 1786 atque
585 1714 634 1768 boe
652 1714 716 1769 loco.
731 1745 765 1753 -
786 1716 859 1769 Mox
877 1713 1080 1783 Virginiuendo
1100 1717 1178 1771 Pina.

254 1797 314 1847 703.
333 1789 569 1861 Nugipiloquidee
586 1793 663 1848 Piae.
689 1793 959 1863 Nugipololoquides
973 1794 1106 1866 Pylades:
1124 1799 1196 1865 quod
1213 1817 1300 1854 uuum

160 1888 173 1926 e
195 1872 257 1926 euie
280 1872 369 1926 ‘libris
391 1873 535 1927 veteribue’
560 1873 657 1927 babere
679 1872 834 1927 Lambinus
857 1880 984 1939 natatur,
1008 1892 1084 1944 quem
1102 1881 1193 1930 tamen
1212 1879 1298 1949 Nugi-

157 1950 348 2020 piloloquidea
371 1951 487 2006 ooluiece
509 1953 637 2007 credibile
659 1958 696 2006 ert
720 1957 809 2022 (atque
832 1952 1087 2022 Nugipililoquides
1110 1958 1199 2011 euasit
1224 1959 1298 2014 Bou·

154 2032 288 2100 bomine).
330 2029 600 2100 Nugipolyloquides
625 2032 812 2098 Camerarius,
841 2031 1126 2102 Nugiphiloloquidee
1149 2035 1299 2106 Seyffertae

155 2110 260 2165 Philol.
276 2110 340 2163 XX
347 2110 409 2163 VII
416 2127 448 2179 p.
462 2116 518 2165 158
536 2111 724 2180 Berplciueque
742 2116 852 2180 (praeca
868 2128 925 2166 uon
938 2118 1008 2167 recte
1021 2114 1184 2184 inferentes).
1211 2116 1298 2186 Nugi-

158 2187 385 2259 palamloquidea
413 2207 473 2244 curn
496 2190 597 2245 Botbio
621 2192 650 2243 R
677 2192 780 2246 addens
805 2194 868 2261 ‘quo
896 2198 985 2246 tamen
1004 2198 1100 2261 poetae
1122 2211 1235 2250 manum
1257 2214 1297 2251 re-

156 2272 283 2323 atitutam
311 2285 364 2324 reae
391 2286 447 2324 noa
475 2271 573 2324 credo’.
620 2271 894 2340 Nugimeriloquides
919 2271 1047 2342 Buppiua
1071 2272 1204 2328 ‘Tideka’
1234 2275 1301 2329 VII

155 2366 183 2417 p.
203 2353 244 2403 20
263 2349 399 2416 probante
421 2348 556 2404 Lorenrio
576 2349 676 2406 Pbilol.
699 2350 850 2404 XXVIII
863 2368 894 2419 p.
914 2355 977 2406 503.
1015 2352 1094 2421 Quod
1112 2353 1298 2424 (Nugi)crepi-

157 2428 287 2496 loqnidee
309 2429 452 2496 temptaui,
476 2431 511 2495 cs.
534 2446 598 2483 mox
622 2430 875 2499 ‘contortiplicata’.
915 2430 1036 2498 Propiae
1058 2432 1139 2485 etiam
1163 2434 1296 2488 accederet

155 2509 298 2579 mapieque
312 2509 432 2577 placeret
451 2506 721 2577 Nugilepiloquides,
740 2512 766 2562 ei
788 2509 867 2578 lepi-
885 2511 954 2577 (coll.
975 2511 1114 2579 ‘equolam
1133 2513 1298 2579 equalidns',

158 2589 290 2657 ‘tepulae
309 2589 442 2656 tepidue’)
459 2590 569 2654 defendi
585 2597 680 2656 posset.
699 2620 732 2629 —
753 2589 1134 2657 Argentumexterebronides
1154 2592 1237 2660 Pius,
1259 2592 1297 2648 Ἠ.

157 2667 503 2738 Argentiexterebronidee
520 2670 640 2738 Pylades
650 2671 784 2736 probante
798 2669 931 2735 Barabeta,
946 2670 1051 2736 Douea,
1065 2671 1101 2725 al.
1123 2671 1163 2736 Ct'.
1180 2671 1297 2727 Bueebe·

155 2749 231 2801 lerna
254 2748 358 2801 Annal.
373 2749 443 2816 pbil.
461 2747 484 2802 Ο
490 2748 513 2797 V
525 2766 554 2816 p.
570 2752 623 2802 113
642 2750 690 2815 (αο
708 2748 792 2816 Epid.
808 2752 888 2815 476),
912 2750 1044 2802 Ploeuiae
1064 2750 1096 2803 de
1115 2752 1208 2818 copiae
1226 2754 1296 2807 eerb.

155 2830 248 2896 differ.
272 2829 344 2882 inter
367 2845 424 2882 ear.
441 2844 513 2895 poes.
533 2828 568 2880 R.
588 2831 673 2897 antiq.
692 2845 789 2896 peeuera
809 2829 935 2882 interced.
955 2830 994 2882 ed.
1014 2829 1158 2897 Arpeutor.
1178 2849 1203 2884 a.
1224 2835 1297 2885 1802

150 2925 183 2978 p.
203 2912 241 2963 56
249 2924 302 2977 eq,
329 2907 500 2973 Woelfflinue
518 2909 601 2961 Arcb.
623 2908 672 2961 IV
683 2926 713 2976 p.
732 2915 747 2961 1
758 2924 826 2976 sqq,
845 2909 880 2961 al.

249 2993 308 3042 704.
328 2985 583 3042 Tetechuilocridea
607 2988 763 3041 Palmeriue
777 3005 807 3055 p.
829 2992 892 3041 727.
929 2986 1162 3055 Techniloquides
1182 2987 1298 3056 Lipsius

155 3068 252 3137 Epiri.
272 3073 372 3136 quaest.
393 3067 434 3120 II
452 3074 498 3122 12.
514 3099 546 3106 —
567 3067 881 3136 Nondarexpalponides
903 3068 980 3123 Pina.
1008 3068 1296 3140 Numdesexpalponi·

154 3146 206 3200 dea
225 3147 279 3212 def.
299 3147 425 3200 Botbiue.
453 3145 836 3215 Nummorumexpalponides
856 3148 1037 3203 Camerarius.
1066 3150 1296 3218 Nummidexpal·

152 3225 274 3296 penides
294 3226 407 3279 Pareae.
426 3227 605 3280 Ambrosiani
627 3229 767 3294 scriptura
790 3244 846 3281 uon
865 3233 971 3286 tanturn
988 3235 1099 3298 propter
1120 3228 1203 3298 Nugi·
1222 3247 1295 3297 repe·

152 3307 236 3360 titum
255 3307 383 3398 offendit,
402 3307 447 3360 eal
466 3309 576 3361 omuino
595 3308 709 3361 artem
698 3325 729 3361 m
748 3309 823 3362 binis
842 3309 999 3363 neariuibue
1017 3315 1090 3363 certa
1108 3311 1215 3364 ratione
1233 3326 1295 3365 eon-

152 3386 259 3439 iunctio
277 3387 451 3454 campionem
469 3386 616 3441 disturbat.

246 3471 306 3519 ⁷05.
332 3482 485 3533 numquam
508 3466 668 3535 reddipidee
692 3468 794 3521 Piae
796 3486 829 3522 ea
848 3470 944 3537 prisca
963 3426 1094 3523 lectione’.
1142 3487 1291 3539 numquam

153 3545 256 3614 postea
270 3543 392 3613 eripides
407 3546 525 3615 Pyladea
538 3551 562 3600 et
575 3547 691 3600 iunctim
707 3546 848 3602 Gamerae
837 3565 888 3601 eree
911 3547 1183 3617 Nunquameripides
1198 3551 1297 3618 postca

153 3623 283 3679 Botbiue.
309 3625 458 3693 Nunquam
476 3628 577 3694 postea
595 3625 725 3679 reddidea
748 3626 873 3681 Weisiua.
901 3627 973 3680 Via
989 3629 1107 3696 placebit
1126 3628 1296 3696 Numquam-

153 3704 387 3774 eripisibiainidee
399 3706 490 3775 [immo
496 3707 606 3774 placuit
621 3706 755 3775 Veeiupio.
777 3705 1151 3775 Numquameripisiuonidee
1161 3708 1297 3775 Berplriue

155 3783 256 3852 Opaca.
277 3785 299 3836 I
314 3801 340 3852 p.
361 3785 443 3854 679],
466 3785 581 3850 sortaeae
598 3785 1038 3854 Numquamposthaoredhibides
1061 3788 1102 3840 ael
1125 3785 1295 3853 Numquam·

153 3863 458 3930 uniquamredhibides’
474 3864 513 3929 a,
532 3864 923 3934 Numquampostreddonidea
945 3865 1046 3934 Guyeti
1059 3867 1192 3933 recipicru
1205 3865 1294 3930 defen-

152 3944 234 3998 dente
252 3942 412 3997 Buebboldo
435 3945 468 3997 dc
483 3960 589 4012 parom.
605 3962 633 4013 p.
651 3949 703 3997 101
713 3960 750 4011 sq.
784 3943 825 4008 Cf.
844 3944 989 3998 Rr'obtcrue
1002 3946 1034 3997 in
1048 3943 1166 3998 Studem.
1182 3943 1261 3996 Stud.
1277 3941 1298 3993 I

149 4041 181 4092 p.
201 4027 265 4076 470.
285 4027 346 4076 490.
391 4023 459 4077 Vide
472 4025 564 4092 praes.

246 4106 305 4155 106.
326 4100 387 4155 Heu
406 4100 563 4172 Spenpcliua
585 4103 614 4156 T.
634 4104 674 4158 M.
694 4103 726 4156 P.
746 4121 774 4169 p.
788 4107 857 4156 219.-
875 4103 909 4167 cf.
930 4102 1121 4155 Flecteieeuue
1140 4100 1238 4154 Plrilol.
1256 4100 1297 4151 II

150 4199 183 4252 p.
202 4187 250 4249 85,
269 4181 417 4250 Lanpenue
437 4183 548 4237 ‘Beira’
566 4202 595 4252 p.
616 4188 679 4249 108,
699 4182 845 4236 Rielrtcrua
860 4198 889 4248 p.
910 4186 1025 4249 5103qq.
1048 4211 1076 4218 —-
1098 4178 1294 4232 multimodum

152 4260 261 4329 scriptu
285 4263 329 4313 est
352 4260 483 4315 Botbiue:
506 4264 541 4326 ef.
567 4263 686 4316 Baierae
706 4279 737 4329 p.
753 4267 795 4325 54,
815 4262 851 4313 al.
867 4291 899 4300 -
915 4261 960 4314 Aa
977 4278 1001 4313 o.
1023 4265 1073 4312 708
1097 4261 1131 4326 cs.
1155 4259 1296 4312 Bentleias

152 4343 186 4395 in
207 4340 268 4394 Ter.
288 4341 397 4394 Pborm.
419 4342 438 4392 I
456 4345 543 4406 3,14.

247 4426 306 4474 709.
326 4421 363 4473 ut
382 4438 444 4473 uos:
463 4419 520 4473 iam
541 4419 649 4475 animus
669 4421 697 4473 in
717 4422 842 4475 Botbiue.
859 4451 891 4459 -
911 4421 957 4475 Aa
976 4418 1059 4472 mihi:
1079 4435 1156 4473 meus
1176 4418 1210 4484 cf.
1229 4416 1295 4471 Nie-

151 4516 278 4570 meyerus
292 4517 322 4568 p.
341 4504 379 4554 38
397 4501 543 4568 scitiusque
561 4502 689 4553 iudicans
706 4501 826 4553 Baiurae
841 4516 870 4566 p.
892 4503 951 4552 157.

245 4583 304 4633 ’110
325 4579 423 4633 Totum
441 4598 465 4634 e
484 4580 593 4634 Terrae
613 4581 758 4634 continuat
772 4579 801 4631 u
820 4596 878 4631 uua
896 4594 957 4631 cum
971 4577 1117 4645 porcinis,
1135 4577 1223 4632 deleta
1236 4593 1295 4631 caui

152 4661 184 4715 A
198 4676 313 4713 scaenae
326 4661 512 4726 irueriptione.
541 4660 712 4713 Doaorrru
730 4661 843 4726 benique
856 4663 993 4712 vocantem
1007 4657 1127 4711 restituit
1143 4655 1295 4725 Vasinpiue.

151 4769 190 4780 -
212 4737 255 4804 Os.
274 4737 391 4791 Blaeiue
409 4740 441 4792 de
459 4740 527 4792 mod.
549 4746 625 4807 temp.
640 4745 756 4807 perram
775 4757 800 4807 p.
820 4742 858 4792 24
876 4738 954 4807 [80].

233 4824 362 4887 'l-lleqq.
382 4817 432 4871 ille
452 4818 517 4871 hinc
537 4818 816 4885 abiitMaellerusp.
832 4823 888 4872 120
906 4818 964 4870 coll.
987 4817 1064 4870 Tria.
1079 4796 1147 4871 5598:
1166 4818 1214 4872 ubi
1235 4820 1296 4872 virle
