2910 5528
153 724 294 780 ess-seo
632 720 818 777 oceanum
1231 719 1292 783 131

151 901 222 956 quae
239 883 360 939 Batbius
376 884 416 938 sic
434 883 511 949 baec,
534 883 654 952 praviter
677 887 708 936 ut
722 889 794 953 puto
810 885 924 939 turbata
946 884 979 936 iu
1002 883 1080 938 tibris
1102 883 1203 938 scilicet
1225 883 1293 937 inte·

153 964 265 1037 prauda
282 963 477 1019 existimarit:
500 961 545 1018 So,
565 961 617 1017 Dic
635 979 702 1031 ergo
713 994 744 1002 —
756 961 807 1017 ΡΑ.
822 961 874 1018 Dic
892 979 967 1032 ergo.
988 962 1030 1017 Ne
1044 962 1109 1020 hoe.
1120 1007 1127 1018 .
1138 962 1294 1032 ‚loqueren-

154 1051 200 1100 tur
217 1042 310 1114 prius,
334 1043 465 1097 Edictum
484 1045 528 1097 est
546 1058 714 1112 magnopere
733 1041 781 1097 mi.
810 1042 856 1097 So.
876 1043 914 1097 Et
938 1040 1019 1111 mihi,
1042 1057 1078 1095 ne
1096 1057 1236 1110 quoquam

154 1140 239 1195 quam
258 1139 320 1192 ego.
346 1125 377 1176 at
395 1126 426 1177 tu
444 1123 472 1176 h.
491 1122 510 1176 f.
530 1139 551 1177 e.
570 1140 594 1191 q.
612 1139 635 1176 s.
664 1121 714 1175 Pr.
734 1120 786 1175 Dic
805 1139 879 1192 ergo.
906 1122 951 1177 So,
970 1121 1128 1176 Edictumst
1145 1121 1228 1188 mihi,
1251 1121 1294 1174 Ne

153 1207 206 1260 hoc
280 1201 462 1273 loquerentur
484 1202 561 1270 prius
587 1201 648 1271 [ubi
668 1200 821 1256 ‘crederem
845 1207 964 1271 expectes
986 1201 1089 1270 potius’
1106 1218 1160 1271 pro
1180 1200 1294 1270 (e)dice-

151 1284 236 1357 rem].
261 1282 313 1336 ΡΑ.
333 1281 404 1336 Mihi
422 1298 534 1351 quoque
553 1281 704 1336 edictumst
723 1297 1037 1351 magnopere...quam
1057 1298 1118 1352 ego.
1142 1278 1188 1335 So.
1208 1283 1246 1335 At
1263 1284 1295 1334 tu

153 1364 180 1420 h.
195 1364 216 1419 i.
231 1362 270 1417 B.
290 1361 341 1416 ΡΑ.
361 1362 404 1416 Tu
423 1361 468 1416 die
487 1378 554 1430 ergo
573 1360 644 1414 mihi
662 1359 728 1428 quid
747 1365 798 1415 est.
820 1359 865 1417 Sc.
880 1361 923 1415 Ne
942 1360 1007 1418 hoc.
1019 1404 1025 1414 .
1037 1365 1082 1416 .ut
1099 1360 1296 1430 eloquerentur

151 1443 231 1514 prius
250 1441 321 1495 Mihi
340 1440 492 1496 edietumst
508 1456 687 1509 magnopere.
707 1438 760 1494 Pe.
779 1441 815 1494 Et
834 1440 916 1510 mihi,
936 1457 970 1495 ne
989 1458 1009 1495 e.
1029 1459 1053 1511 q.
1073 1457 1095 1496 s.
1110 1440 1295 1508 Ijseudiplrius

149 1541 181 1594 p.
199 1526 240 1579 23
254 1537 292 1591 sq.
321 1518 373 1574 ΡΑ.
392 1519 445 1574 Dic
464 1534 539 1588 ergo.
568 1518 615 1573 So.
634 1520 673 1572 At
690 1521 721 1572 tu
740 1518 785 1574 dio
803 1520 889 1591 prius.
920 1522 970 1575 ΡΑ.
991 1520 1295 1588 Edictumet...quam

153 1619 217 1673 ego.
241 1600 289 1656 80.
308 1599 347 1654 At
369 1601 400 1664 ta
423 1599 450 1653 h.
471 1599 489 1654 f.
516 1599 643 1654 Gaetsius
661 1601 723 1655 Act.
742 1618 793 1657 soe.
810 1604 878 1670 pbit.
904 1603 950 1655 VI
965 1619 992 1670 p.
1012 1605 1071 1655 238
1089 1619 1113 1656 u.
1131 1606 1183 1654 240
1206 1601 1296 1655 delens

152 1690 295 1752 umquam
317 1680 533 1749 dittoprupbiam
553 1681 688 1748 probante
711 1681 839 1749 Vesinpio
857 1681 1040 1753 Lanpenoque
1059 1680 1170 1735 ‘Betim’
1189 1697 1217 1748 p.
1233 1685 1296 1748 191,

151 1765 211 1818 uisi
229 1762 302 1832 quod
319 1762 345 1815 is
358 1757 479 1814 dicerem
493 1761 639 1815 viridicaus
651 1778 675 1814 0.
691 1767 743 1814 240
759 1758 805 1831 [cf.
820 1779 844 1816 s.
858 1767 926 1818 278.
941 1766 1000 1817 722
1015 1762 1061 1815 A.-
1073 1760 1111 1832 P]
1130 1776 1186 1815 uon
1204 1761 1296 1814 miuus

153 1846 220 1900 bene
249 1841 367 1913 ospitari
391 1855 469 1911 posse
496 1841 528 1895 de
551 1842 662 1896 delendo
685 1860 709 1897 a.
729 1846 780 1895 242
804 1843 926 1896 adnotat.
969 1844 1009 1895 At
1030 1841 1118 1905 nimia
1145 1841 1296 1895 similitudo

151 1926 228 1979 inter
251 1939 277 1976 o.
295 1924 351 1977 240
369 1921 655 1976 cessissemusne
675 1952 707 1960 -
727 1923 759 1975 iu
776 1922 839 1990 ipsa
861 1922 1056 1988 similitudine,
1074 1938 1132 1990 par
1151 1921 1218 1990 pari
1237 1937 1297 1976 cum

153 2003 332 2073 respoudeat,
350 2001 515 2056 tenendae
532 2016 589 2055 riou
608 2006 645 2056 est
656 2032 689 2040 -
704 2002 794 2056 mucio
813 2018 851 2055 au
868 2017 902 2056 ea
920 2001 1083 2071 corruptela,
1101 2018 1158 2055 nou
1175 2017 1208 2055 ea
1222 2002 1301 2055 dieta

153 2082 290 2154 propbiu,
315 2087 377 2136 arta
400 2082 449 2134 sit:
476 2082 609 2149 siquidem
630 2097 683 2150 pro
706 2098 802 2136 omues
826 2080 908 2134 multi
927 2084 1022 2151 priore
1045 2081 1103 2136 laea
1125 2096 1182 2134 uon
1204 2097 1300 2134 omues
1374 2073 1377 2079 ‘

153 2160 230 2218 muti
252 2176 370 2231 repaems
392 2166 433 2229 (ut
455 2177 480 2216 a.
498 2165 582 2230 242),
608 2162 655 2216 sed
683 2162 756 2217 uelut
782 2177 876 2215 omnes
905 2160 985 2214 mulli
1008 2162 1054 2229 (cf.
1077 2160 1200 2227 Mittor)
1221 2177 1301 2228 prae-

156 2243 266 2299 cedente
278 2241 463 2310 supplemento
476 2256 603 2310 conpruo.
632 2242 760 2296 Praestat
773 2243 888 2307 sonasse
902 2258 969 2296 oues
984 2244 1015 2295 ut
1028 2241 1117 2295 multo
1138 2240 1183 2308 (ct.
1199 2239 1300 2295 Baccb.

155 2326 238 2378 1141.
254 2324 347 2389 1138).
385 2319 507 2376 Ceterum
528 2339 553 2376 o.
574 2327 624 2374 241
650 2322 703 2375 hoc
727 2320 834 2375 homini
860 2321 1011 2376 Muellerus
1030 2338 1059 2391 p.
1078 2325 1133 2381 470
1152 2321 1197 2389 (cs.
1217 2320 1300 2375 etiam

158 2400 302 2456 ‘Nasium'
316 2417 344 2469 p.
360 2403 415 2454 112
429 2406 454 2454 el
468 2404 485 2454 3
499 2402 575 2470 ada.)
594 2417 654 2455 cum
668 2402 709 2455 Β.·
728 2401 799 2470 quod
818 2417 878 2455 cum
897 2407 978 2456 antea
996 2406 1121 2456 natatum
1138 2417 1195 2454 non
1208 2402 1302 2467 tulerit,

156 2480 274 2535 hamoni
301 2481 390 2534 suasit
416 2479 578 2550 Spenpelius
604 2479 635 2533 Τ.
657 2481 700 2534 M.
722 2480 755 2532 P.
776 2497 806 2547 p.
825 2484 881 2534 232
908 2481 981 2547 (item
1007 2480 1180 2536 Scluulselius
1203 2481 1220 2533 l.
1240 2497 1261 2534 s.
1280 2496 1301 2533 s.

152 2579 182 2632 p.
194 2564 250 2616 667
259 2560 346 2630 adu),
360 2560 411 2613 olii
424 2576 484 2614 cum
500 2559 628 2614 ‘blatum’
643 2560 823 2627 dessrsderiut.
841 2561 948 2614 Ibidem
962 2576 1012 2614 uec
1026 2577 1060 2614 ex
1070 2561 1101 2614 D
1113 2561 1166 2627 def.
1178 2560 1302 2614 Kocbius

155 2647 189 2697 ut
211 2658 237 2695 a.
255 2644 320 2707 110,
337 2641 426 2719 01,-
453 2639 483 2694 V.
503 2645 555 2692 242
584 2638 626 2692 uti
653 2640 834 2706 loquerentur
860 2655 922 2693 cram
946 2641 1046 2694 Botlrio
1069 2639 1113 2706 It,
1141 2639 1302 2709 Spenpelius

158 2721 193 2774 T.
219 2721 262 2774 M.
286 2721 319 2775 P.
338 2737 369 2788 p.
389 2724 434 2775 86.
453 2724 519 2787 233,
542 2722 601 2774 atii.
627 2750 660 2759 —
686 2719 806 2774 Ceterum
835 2736 857 2772 o.
880 2725 1030 2774 241-244
1059 2720 1133 2774 obelo
1160 2726 1302 2776 notaverat

144 2800 293 2871 ·Gupetus.

249 2887 301 2935 243
315 2897 353 2950 sq.
377 2881 507 2936 iambicos
528 2881 668 2950 discripsit
686 2878 717 2933 Ἐ
734 2884 765 2932 ut
783 2895 807 2931 s.
821 2881 877 2933 226
886 2896 940 2948 sq,
959 2880 1133 2948 ‘quamquam
1151 2896 1207 2934 nou
1225 2881 1302 2948 ipno-

155 2977 228 3016 raus
253 2977 308 3029 qua
335 2961 382 3014 via
408 2961 512 3014 seruari
540 2961 672 3015 tracbaici
698 2960 805 3012 numeri
824 2960 957 3027 posseut'.
998 2959 1037 3027 Os.
1063 2960 1199 3013 Cbristius
1226 2961 1301 3014 Mus.

156 3039 247 3094 Rbeu.
264 3039 388 3093 XXIII
401 3057 430 3107 p.
446 3045 500 3094 572
520 3047 666 3109 contraque
683 3040 731 3109 qui
749 3039 870 3091 sentiant
884 3039 1065 3094 Buechelerus
1084 3041 1117 3094 ds
1134 3041 1198 3094 decl.
1212 3057 1243 3109 p.
1257 3044 1303 3107 49,

157 3119 313 3174 Muellerus
337 3119 415 3173 Pras.
439 3136 467 3188 p.
488 3125 551 3184 183,
570 3121 628 3173 alii.
645 3151 677 3158 —
703 3119 733 3173 V.
753 3124 805 3171 244
834 3117 931 3184 Neque
960 3119 1079 3188 tlppulai
1102 3118 1132 3172 Ἠ
1155 3126 1303 3189 praeeunte

158 3198 277 3270 stipulai
292 3199 471 3253 Lachmanna
490 3201 521 3252 iu
535 3200 618 3254 Lacr.
634 3216 663 3267 p.
676 3203 736 3252 159.
756 3198 855 3266 Neque
875 3197 977 3267 tipulai
992 3199 1160 3269 Leidolpbns
1178 3200 1210 3251 dc
1225 3198 1304 3253 Festi

155 3282 207 3336 loe.
227 3278 272 3332 Pl.
288 3296 318 3347 p.
333 3281 388 3332 234
398 3296 435 3346 sq.
465 3279 560 3346 Neque
583 3278 701 3347 tipullae
725 3278 766 3331 sel
784 3277 923 3346 tippullae
942 3278 1061 3333 Botbius
1079 3281 1146 3334 duce
1165 3277 1303 3349 Scalipero

158 3359 239 3415 Corsi.
261 3359 292 3412 in
315 3356 396 3411 Varr.
412 3375 441 3427 p.
458 3363 512 3412 158
531 3360 570 3412 ed.
590 3358 695 3426 Supte:
719 3363 768 3411 aut
791 3359 831 3412 sic
849 3363 898 3412 aut
917 3357 1044 3427 tippulae
1068 3359 1206 3414 Vahleuus
1226 3358 1302 3414 Corsi.

155 3441 190 3494 in
205 3437 288 3492 Varr.
303 3436 361 3492 Sat.
377 3437 453 3491 Men.
468 3455 498 3505 p.
515 3443 568 3492 136
588 3440 630 3504 (de
644 3438 734 3492 Nonii
753 3439 809 3491 loco
824 3455 970 3507 perperam
988 3440 1127 3509 iudicans)
1146 3448 1171 3495 et
1184 3440 1304 3495 Bueche-

156 3520 234 3574 lerus
262 3518 337 3571 Mus.
366 3516 452 3570 Rbea.
475 3517 557 3569 XIV
576 3534 607 3585 p.
626 3521 693 3583 451,
722 3519 780 3571 alii.
809 3548 842 3556 -
871 3518 925 3571 fide
954 3519 1081 3573 lenoniae
1110 3520 1246 3575 Doceriue
1272 3522 1304 3574 in

158 3597 275 3652 Festum
302 3596 459 3665 obloquente
484 3596 628 3650 Muellero.
665 3596 734 3649 fides
759 3598 886 3652 lenoniae
912 3599 953 3652 ‘ut
975 3600 1024 3653 bac
1046 3606 1132 3654 totum
1157 3602 1193 3654 sit
1213 3602 1305 3669 patrii

156 3679 252 3736 casus'
282 3677 436 3732 Lambinus
463 3678 571 3745 risusque
598 3679 734 3731 immemor
762 3677 791 3729 st
819 3680 957 3745 probante
989 3680 1152 3734 Buechelero
1180 3682 1212 3734 de
1239 3680 1313 3749 decl.

152 3778 186 3832 p.
202 3763 240 3814 34
254 3761 294 3827 (p.
310 3760 348 3811 68
361 3757 399 3810 ed.
417 3757 487 3824 ΙΙ).·
500 3758 572 3824 qued
587 3773 646 3810 mins
660 3758 854 3826 prammaticae
871 3758 958 3825 mapis
972 3761 1124 3825 conueniat,
1139 3761 1305 3814 100000000-

158 3840 259 3896 lullum
276 3852 333 3890 uon
350 3836 458 3890 videtu-r
477 3837 621 3890 abhorrere
639 3854 657 3890 a
675 3837 826 3890 cottidiano
844 3837 954 3890 dicendi
971 3853 1030 3890 usu.

251 3915 368 3970 248.0(1
393 3913 612 3969 Lemniselenem
639 3918 715 3969 tuam
741 3931 816 3969 eram
840 3915 912 3968 huno
934 3917 997 3969 troi.
1017 3913 1047 3967 11
1065 3916 1182 3969 addens.-
1207 3914 1304 3983 ‘quars-

157 4015 245 4070 quam
265 3997 344 4051 licuit
359 3997 440 4050 etiarn
455 3995 631 4065 obsignatum
648 3999 720 4048 hauc
736 3993 857 4047 abietem
869 3994 921 4064 [sic
931 3998 955 4045 et
965 3993 1061 4045 heram
1071 3995 1151 4046 tuem
1161 3992 1304 4063 Guyetusl.

156 4078 353 4154 Balbinum
371 4092 437 4145 ego:
455 4077 527 4144 quod
545 4092 602 4130 uon
621 4077 746 4131 debebam
762 4075 880 4143 probare
897 4074 1010 4140 Parerp.
1026 4073 1047 4124 I
1058 4090 1088 4141 p.
1104 4077 1165 4127 516.
1198 4071 1305 4126 Lemni-

156 4156 280 4214 selenim
298 4172 389 4210 vereor
406 4172 440 4209 ue
454 4162 537 4224 poeta
550 4157 716 4224 scripserit’:
736 4157 768 4220 cf.
782 4153 873 4221 praes.
897 4152 941 4205 De
954 4149 1178 4205 Lemniselenem
1192 4169 1248 4206 non
1262 4153 1306 4206 de-

158 4239 223 4293 buit
242 4237 362 4305 ospitare
380 4235 540 4305 Spenpelius
561 4235 590 4288 Τ.
609 4237 651 4288 M.
669 4236 702 4289 P.
718 4253 748 4304 p.
763 4237 829 4288 222.
863 4234 901 4286 At
919 4231 968 4300 pol
987 4246 1039 4297 ego
1058 4230 1209 4285 Muellerus
1227 4231 1305 4285 Pras.

151 4336 186 4389 p.
203 4320 269 4371 584.
290 4345 322 4353 -
342 4315 385 4368 De
408 4313 558 4384 cc(c)illum
582 4333 606 4369 v.
622 4320 673 4369 247
691 4315 753 4369 eide
770 4315 808 4367 sis
827 4312 1011 4367 Sebeulselium
1030 4311 1110 4365 Stud.
1131 4310 1177 4364 Pl.
1191 4329 1221 4380 p.
1238 4313 1307 4365 621!

257 4400 317 4448 249.
337 4394 501 4463 scriptumst
513 4393 557 4448 st.-
576 4396 648 4463 quod
666 4411 699 4448 ex
718 4395 815 4447 alienis
833 4391 962 4460 esmaplis
979 4393 1125 4461 impupnat
1144 4391 1258 4446 Olseuus
1276 4393 1309 4446 dc

155 4476 232 4532 verb.
252 4474 336 4528 subet.
351 4489 382 4541 p.
400 4478 443 4527 79.

252 4558 314 4608 250.
335 4552 381 4607 Se.
401 4552 489 4608 Abeo.
518 4551 568 4606 ΡΑ.
589 4555 673 4620 etque
698 4568 750 4621 ego
775 4549 870 4605 abiero
889 4551 1014 4605 Botbius.
1048 4548 1094 4605 So.
1113 4549 1182 4604 Abi:
1207 4555 1236 4606 et
1254 4567 1307 4620 ego

157 4635 261 4691 abiero
281 4631 312 4686 il
330 4636 370 4700 (et
389 4649 442 4702 ego
462 4650 522 4686 cum
541 4633 682 4701 Acidalio)
702 4633 805 4685 addens
825 4631 891 4685 ‘non
911 4632 999 4696 placet
1018 4629 1064 4684 Se.
1084 4631 1164 4685 abeo.
1185 4631 1235 4684 ΡΑ.
1255 4648 1307 4699 ego

157 4715 260 4771 abiero
280 4715 321 4768 sel
340 4715 368 4766 et
386 4715 439 4781 ego
458 4712 556 4765 abeo’:
575 4713 646 4765 illud
664 4719 754 4766 tamen
770 4712 879 4780 placuit
901 4709 1037 4781 Vesinpio.
1054 4741 1085 4749 —
1106 4711 1149 4764 De
1168 4716 1230 4766 actu
1245 4717 1308 4779 post

156 4798 238 4851 tuuc
255 4810 363 4847 versum
382 4794 507 4848 incohato
526 4793 559 4859 cs.
580 4793 617 4845 ad
635 4810 659 4846 a.
675 4796 719 4846 52.
