2910 5528
151 346 266 400 XXVIII
339 335 344 340 ’
617 342 823 398 PRAEFATIO

73 579 79 590 ,
150 510 242 573 initio
263 509 412 573 lacunam
432 512 506 572 unte
525 508 590 572 blec
606 507 728 571 habeut
746 506 821 571 libri
841 527 898 589 per
907 483 1081 592 pruplbicc)
1102 503 1290 570 abambiuo

154 615 207 700 (ex
230 615 426 680 membranis
451 612 628 699 Turnebit)
660 613 890 699 propemodum
913 616 1000 678 recte
1023 612 1203 695 expletam:
1231 612 1291 676 iam

149 721 246 786 iidem
270 722 330 785 sub
355 721 450 784 finem
474 744 503 785 v.
522 718 624 806 856*)
648 741 694 784 me
716 719 875 804 praebent
898 723 983 783 recte
1007 741 1027 782 a
1046 717 1235 784 Camerario
1256 719 1291 783 ad

149 828 324 892 rareuriuerIs
348 826 526 907 adhibitum
552 825 617 913 (cui
640 828 712 891 uate
734 824 961 909 adiunximus).

238 932 300 998 Sed
332 933 428 998 huius
465 955 591 1018 quoque
624 933 694 998 folii
726 933 817 1010 labes
851 932 949 996 latius
981 933 1127 1015 patuisse
1161 932 1293 1016 videtur,

149 1039 307 1124 siquidem
333 1064 361 1104 v.
381 1041 445 1104 849
465 1061 613 1104 mancum
633 1061 703 1104 esso
722 1040 787 1103 iarn
807 1038 1005 1102 Ritsahelius
1023 1041 1112 1103 recte
1131 1039 1292 1122 iudicavit,

150 1169 345 1231 quamquam
369 1150 495 1230 praeter
519 1146 745 1210 necessitatem
770 1150 803 1210 et
823 1144 947 1209 duobus
966 1144 1047 1209 locis
1066 1145 1291 1230 supplementa

149 1254 286 1318 inseruIt
313 1258 345 1317 et
372 1252 506 1316 nimiam
536 1253 666 1317 omnino
696 1253 845 1317 lacunam
873 1252 998 1317 statuit.
1048 1247 1181 1317 Sufficit
1209 1253 1291 1317 enirn

150 1360 215 1425 tale
249 1359 518 1441 additamentum,
553 1358 648 1441 quale
681 1358 715 1421 in
749 1359 854 1422 altera
886 1378 995 1422 versus
1027 1361 1123 1441 parte
1157 1360 1292 1444 exempli

149 1466 255 1551 gratia
286 1465 441 1550 proposui
473 1462 577 1550 (velut
608 1466 653 1528 rut
687 1461 830 1549 abducito
864 1463 959 1548 idque
993 1463 1089 1530 facile
1129 1465 1292 1531 conciliari

152 1572 272 1656 poterit
304 1593 376 1635 cum
410 1571 566 1634 eiusmodi
599 1571 838 1656 supplemento,
872 1571 967 1655 quale
995 1571 1028 1634 in
1056 1593 1084 1634 v.
1111 1571 1178 1636 835
1206 1578 1292 1656 parte

150 1679 256 1762 priore
275 1681 343 1741 tarn
363 1699 473 1741 versus
494 1699 590 1761 quam
609 1677 722 1761 lingua
740 1678 876 1761 requirit
895 1678 999 1765 (velut
1016 1697 1107 1760 aspre
1124 1676 1193 1762 cst).
1235 1677 1292 1743 Sed

153 1805 218 1847 non
251 1783 354 1846 minus
388 1782 456 1847 veri
490 1783 642 1847 simiIIter
674 1781 851 1868 Seyffertus
884 1783 1032 1847 lacunam
1065 1806 1094 1849 v.
1123 1785 1190 1850 848
1222 1788 1292 1868 post

152 1891 238 1954 Licet
261 1888 395 1972 detexit,
424 1888 475 1952 cui
499 1889 583 1973 quod
608 1889 688 1953 nihil
712 1890 906 1973 respondere
930 1889 1077 1954 videatur
1100 1890 1292 1974 quibusnam

152 1995 331 2060 rationibus
356 1994 510 2079 explicari
533 1996 651 2079 possit,
674 1996 754 2059 satis
779 2018 875 2079 supra
899 1995 1175 2064 adumbravimus.

239 2101 386 2184 Denique
414 2123 479 2165 non
507 2103 765 2185 praetermIttarn
794 2103 883 2167 locos
912 2101 1083 2186 quosdam,
1112 2104 1152 2168 de
1180 2106 1291 2188 quibus

150 2209 246 2292 paulo
267 2207 371 2272 maior
391 2212 439 2271 est
459 2207 628 2274 dubitatio.
665 2206 773 2294 Atque
792 2233 821 2275 v.
836 2210 901 2274 284
920 2207 1085 2296 attinet*')
1104 2211 1138 2275 in
1158 2215 1290 2295 utraque

150 2314 336 2379 recensione
364 2314 504 2395 diversa,
532 2312 587 2377 sed
614 2314 736 2397 pariter
764 2315 964 2378 intolerabili
986 2315 1116 2380 ratione
1138 2317 1289 2382 anditum

151 2419 310 2504 Seyfferto
336 2420 437 2485 movit
460 2420 580 2483 iustam
604 2420 864 2504 iuterpolationis
888 2421 1120 2506 suspicionem:
1146 2423 1289 2507 quamsi

152 2532 243 2591 vetus
272 2528 388 2592 lacuna
417 2526 611 2609 procrearit,
638 2528 773 2590 eandem
798 2527 876 2591 olim
899 2527 1092 2612 pertinuisse
1118 2528 1158 2594 ad
1183 2552 1213 2595 v.
1231 2531 1286 2595 2ῖί

151 2634 297 2699 conicere
316 2635 431 2718 possis,
456 2635 545 2698 cuius
565 2634 669 2698 exitus
688 2632 847 2716 (seorsum
867 2636 943 2699 olim
963 2636 1163 2719 perscriptus
1185 2635 1289 2701 eodem

151 2762 214 2822 quo
245 2741 347 2803 exitus
373 2764 399 2802 v.
421 2742 488 2804 284
517 2740 724 2804 membranae
753 2738 840 2826 loco)
868 2741 945 2805 item
968 2742 1063 2825 plane
1087 2742 1290 2825 perturbatus

150 2850 201 2908 cst
229 2846 262 2907 in
292 2851 426 2929 utraque
456 2846 653 2910 recensione:
689 2870 883 2931 quamquam
912 2847 1020 2931 potuit
1048 2848 1148 2912 etiam
1179 2872 1208 2915 v.
1231 2850 1289 2914 284

153 2951 292 3013 incidere
315 2951 349 3014 in
372 2951 617 3034 inscriptionem
642 2958 717 3017 ante
741 2977 769 3017 v.
789 2954 862 3018 302.

239 3056 320 3119 Tum
344 3058 432 3120 casui
456 3056 662 3122 tribuendum
687 3081 756 3123 esse
780 3061 832 3123 vix
857 3059 991 3141 videtur,
1015 3060 1100 3143 quod
1124 3061 1160 3124 A
1183 3067 1217 3124 et
1234 3062 1289 3125 snb

150 3162 246 3224 finem
275 3185 303 3225 v.
327 3163 393 3226 485
423 3165 564 3228 servarit
594 3165 739 3248 syllabas
768 3167 801 3229 ln
830 3165 862 3230 P
893 3166 1035 3231 abiectas
1063 3173 1098 3231 et
1124 3168 1160 3231 in
1193 3168 1293 3233 altera

150 3275 243 3352 parte
267 3291 296 3333 v.
310 3269 377 3333 500
402 3276 476 3351 post
493 3272 609 3353 polleyo
633 3294 714 3336 unus
739 3272 880 3336 servavit
902 3272 1094 3338 vocabulum
1113 3277 1213 3341 recito
1232 3275 1292 3361 (vel

149 3372 268 3460 r·ecito):
292 3375 374 3439 unde
393 3376 467 3440 huic
486 3377 548 3460 ipsi
569 3378 724 3441 vocabulo
745 3378 843 3462 (quod
862 3401 922 3461 pro
942 3379 1200 3464 interpolatione
1219 3405 1296 3447 uon·

149 3480 231 3544 nulli
254 3481 392 3566 habent)
417 3482 535 3565 aliquid
562 3485 765 3548 auctoritatis
790 3485 923 3551 accedit.

239 3584 313 3650 Non
338 3589 442 3652 minus
464 3589 532 3653 veri
552 3590 657 3653 simile
677 3595 727 3654 est
746 3589 868 3655 exitum
886 3614 914 3656 v,
929 3591 993 3657 568
1013 3593 1048 3655 In
1063 3593 1097 3658 P
1113 3595 1296 3660 abscissum

151 3690 304 3778 (scotare)
338 3694 415 3759 olim
448 3695 481 3756 in
510 3694 615 3759 medio
643 3718 736 3759 versu
765 3717 909 3761 seorsum
939 3698 1161 3783 perscriptum
1192 3702 1298 3781 fuisse,

149 3822 221 3863 curn
252 3804 348 3865 antea
377 3824 406 3867 v.
425 3801 489 3864 549
517 3801 549 3863 Α
576 3801 609 3863 in
638 3802 742 3866 medio
772 3825 864 3867 versu
894 3805 1052 3869 uocabulo
1082 3805 1174 3872 velut
1197 3815 1296 3873 certem

150 3907 274 3970 auctior
311 3907 409 3971 fuerit
445 3908 660 3989 respondente
698 3909 821 3974 lacuna.
877 3911 983 3994 Atque
1020 3910 1135 3977 eadem
1170 3917 1294 3981 ratione

149 4034 178 4073 v.
201 4013 264 4075 794
289 4012 433 4077 defectus
457 4035 529 4077 cum
553 4035 580 4076 v.
603 4014 666 4078 817
692 4016 884 4080 detrimento
909 4015 1082 4082 cohaerere
1105 4024 1228 4102 potest

238 4213 263 4278 *)
282 4211 461 4268 Intercedunt
475 4232 508 4268 ex
518 4217 613 4269 nostru
624 4215 805 4285 discriptione
816 4219 878 4271 outo
889 4216 1020 4272 versiculi
1035 4235 1069 4272 ex
1082 4223 1169 4289 parte
1181 4223 1259 4277 dubii
1269 4230 1296 4277 et

149 4305 248 4341 novem
263 4291 349 4359 longi,
366 4310 399 4346 ex
414 4295 513 4361 quibus
529 4295 686 4364 complures
698 4296 848 4365 bipertitos
862 4298 948 4351 fuisse
962 4297 1021 4351 fere
1035 4303 1231 4357 necessarium
1247 4306 1295 4357 est.

224 4369 264 4435 **)
284 4371 414 4426 Fortasse
435 4375 565 4442 antiquae
580 4376 707 4430 lectionis
724 4377 875 4447 vestigium
890 4376 1027 4432 remansit
1041 4380 1068 4432 in
1084 4381 1121 4448 A,
1142 4385 1220 4450 qnod
1235 4390 1296 4437 aaa

154 4445 274 4512 (attinet)
290 4465 339 4514 pro
354 4454 391 4505 orl
409 4459 433 4505 te
448 4453 541 4522 babet,
557 4456 579 4509 si
594 4457 672 4510 velut
685 4473 766 4512 ansa
779 4475 831 4528 pro
846 4458 973 4514 convicio
986 4459 1052 4514 olan
1064 4459 1195 4529 positum
1205 4464 1294 4518 luerit
