2910 5528
153 740 191 795 111
209 747 235 809 1,
253 746 393 795 110-114
608 741 864 799 nosannman

618 902 849 959 Tnnoaneemns

159 974 222 1040 Ain
246 978 285 1041 tu
309 976 420 1042 aedis?

673 1098 793 1154 Tame

417 1206 516 1272 Aedis
538 1205 681 1292 inquam.
714 1208 769 1273 sed
794 1209 863 1274 sein
888 1208 1115 1294 quoiuamodi?

615 1362 849 1420 Tunoaaoemas

154 1447 215 1524 Qui
241 1444 327 1512 seire
352 1447 506 1531 possum?
602 1480 606 1486 ·

675 1568 793 1624 Tamo

501 1651 585 1719 veh.

619 1773 849 1829 Tuneaaonmns

576 1882 658 1960 Quid
683 1884 754 1948 est?

674 2040 793 2096 Tamo

743 2148 794 2215 Ne
817 2153 868 2215 me
890 2169 979 2234 roge.

621 2310 848 2365 Tanoanonmns

153 2383 243 2450 Nem
269 2382 349 2469 quid
372 2382 442 2448 ite?

674 2486 794 2541 Tamo

337 2577 354 2607 ²
441 2595 699 2680 Speculoeletres,
722 2596 893 2662 eandorem
917 2619 1048 2662 merum.
1178 2613 1304 2663 eattae

617 2753 848 2808 'sanoaaoamns

156 2832 247 2929 Bene
270 2864 380 2929 he‘rele
404 2864 533 2928 laetum.
566 2861 658 2949 quid,
681 2884 735 2927 eas
759 2864 873 2948 quanti
897 2863 1060 2928 destinat?

672 3021 792 3075 Tamo

156 3131 303 3197 Talentis
327 3131 453 3215 mugnis
477 3129 628 3215 t6tidem,
652 3135 731 3213 quot
754 3152 813 3215 ego
838 3136 870 3194 et
894 3135 930 3195 tu
954 3153 1073 3195 sumus.

248 3347 308 3396 647.
338 3341 449 3396 Servius
472 3342 503 3394 in
526 3342 595 3395 Aea.
620 3341 717 3396 Vna
743 3341 906 3410 (exscriptae
932 3343 966 3396 ab
991 3344 1102 3397 Isidoro
1128 3345 1202 3411 Oria.
1226 3344 1307 3397 XVI

156 3429 204 3491 25,
222 3425 292 3489 22):
315 3421 390 3491 epud
410 3421 552 3476 Romanos
576 3422 715 3477 talentum
735 3423 778 3474 est
801 3421 982 3490 septuaginta
1006 3422 1091 3493 [LXX
1111 3424 1187 3492 libri]
1207 3423 1304 3490 librae,

156 3502 231 3558 sieut
249 3501 367 3557 Plautus
386 3501 510 3556 ostendit
535 3502 564 3556 in
587 3500 766 3566 Mustelaria‚
786 3501 834 3568 qui
854 3499 895 3554 ait
914 3501 968 3556 duo
988 3502 1094 3558 talenta
1114 3520 1174 3557 esse
1194 3504 1304 3557 eentum

155 3581 346 3652 quadraginta
370 3580 464 3635 libres,
501 3582 578 3637 Iden
597 3583 628 3636 in
647 3582 716 3636 Aea.
738 3581 790 3634 IX
807 3584 878 3636 263.-
901 3583 1040 3636 talentum
1059 3585 1201 3652 potestat
1220 3584 1305 3636 breue

155 3662 266 3732 aliquid
295 3666 324 3717 et
351 3677 485 3729 magnum
514 3661 679 3732 significare.
718 3678 795 3728 nam,
821 3664 852 3715 ut
880 3679 964 3731 supra
992 3663 1125 3729 diximus,
1155 3663 1304 3718 seeundum

159 3744 291 3797 Plautum
315 3742 456 3796 talentum
480 3740 659 3810 septuaginta
682 3742 816 3795 librarum
836 3745 893 3796 est:
917 3742 966 3813 qui
985 3762 1047 3798 eum
1073 3743 1190 3798 dixisset
1210 3742 1304 3797 deberi

247 3944 308 3992 ela.
338 3937 392 3993 Ain
415 3955 448 3993 ea
471 3940 514 3992 An
537 3939 586 3993 Bb
676 3886 880 3993 aedisamiedis
903 3937 1016 4007 inquam
1040 3940 1074 3993 B.
1105 3939 1166 4011 adis
1190 3937 1304 4005 inquam

156 4051 256 4107 ena.
296 4053 378 4107 aedis.
403 4055 455 4108 aa.
478 4053 593 4122 inquam
617 4054 643 4107 a
748 4053 793 4108 aa
818 4025 893 4126 fala
925 4054 1025 4122 quoius
1053 4053 1130 4106 mou
1160 4054 1209 4107 aa
1238 4052 1306 4122 (ma

154 4132 259 4201 queuis
278 4132 347 4200 Ba).
384 4132 430 4188 sed
454 4134 482 4187 in
508 4151 562 4204 quo
582 4135 625 4188 ais
641 4135 716 4189 modi
737 4133 764 4188 0.
803 4134 933 4202 sedinquo
966 4132 1082 4186 ialmudi
1106 4134 1143 4187 D.
1180 4131 1231 4186 ΤΕ.
1259 4132 1304 4185 sed

155 4212 310 4266 cuiusmodi
330 4213 391 4267 ΕΖ
470 4220 529 4268 643.
550 4215 601 4269 Ta.
617 4231 720 4284 pruma.
742 4213 812 4279 FZ,
833 4215 968 4281 perversis
987 4214 1111 4282 deinceps
1125 4213 1251 4282 persenis

154 4298 308 4363 eputante
326 4294 496 4362 uahletne
515 4294 603 4348 (ΜΟ
655 4295 726 4348 naeh
747 4295 775 4347 D
829 4293 918 4347 Nema
936 4294 963 4345 B
982 4293 1019 4360 (*)
1093 4298 1229 4347 aeteae
1249 4293 1303 4345 ΤΗ.

156 4376 191 4441 (Η
210 4375 243 4425 in
257 4373 296 4441 Β)
314 4373 386 4428 Nam
405 4374 474 4441 quid
493 4373 552 4429 itu?
571 4375 622 4429 Tn.
643 4374 824 4430 camerarius.
853 4372 925 4426 Nam
941 4372 1008 4440 quid
1028 4374 1068 4427 ita
1087 4374 1153 4428 libri
1171 4373 1303 4442 (praeced.

154 4457 228 4519 aput.
256 4450 325 4516 01),
349 4468 453 4520 praem.
477 4450 527 4506 Ta.
552 4453 626 4521 Fu)
716 4455 934 4523 speculoclaras‚
964 4453 1111 4507 eandorem
1145 4453 1305 4522 Speayeliae

157 4531 188 4585 T.
205 4531 247 4585 Μ.
264 4531 296 4585 Ρ.
308 4549 338 4600 p.
350 4536 395 4586 48.
428 4531 538 4601 speculo
558 4533 650 4587 claras
665 4550 793 4588 canorem
814 4536 879 4590 libri
897 4534 1059 4603 (clamorem
1079 4536 1156 4589 cedd.
1172 4534 1304 4604 Pyladis),

154 4614 201 4667 sed
220 4627 351 4666 canerem
371 4630 404 4666 ea
423 4629 552 4667 canorem
572 4613 621 4669 Bt
641 4613 679 4683 (*)
769 4622 828 4670 646.
856 4616 928 4670 ercle
948 4614 978 4667 D
1068 4619 1127 4668 ela.
1152 4613 1201 4667 Ta.
1221 4612 1303 4666 Saru-

153 4708 246 4747 ceaue.
277 4691 324 4745 DA
344 4692 379 4746 B.
410 4692 521 4748 S1FZ
591 4694 699 4761 magnis
718 4696 787 4751 Pius
806 4696 890 4762 (Bm.
908 4694 1031 4760 (lumea).
1062 4692 1192 4761 amagnil
1208 4694 1304 4746 1301).

154 4792 172 4826 e
201 4771 317 4841 magnis
343 4772 400 4827 ΓΖ
476 4776 546 4841 quot
564 4774 659 4842 BbZ,
692 4775 810 4830 Servius.
849 4775 922 4843 quod
951 4772 1105 4838 BaODF,
1128 4774 1217 4828 Servii
1240 4773 1308 4828 HF

208 4859 272 4922 post
293 4870 346 4923 ego
364 4860 434 4923 apat.
456 4856 478 4907 C
