2910 5528
161 338 225 400 144
639 333 826 391 APPstx
1161 340 1282 392 ssa-su

159 499 215 554 fist.
236 499 285 551 SA.
305 498 384 564 Quas
402 499 472 553 haec
491 501 568 553 rest?
588 497 618 551 R
632 504 728 568 postea
748 497 844 566 Opust.
863 497 932 565 plul.
948 496 1009 551 III
1019 513 1050 566 p.
1065 500 1122 552 129
1143 495 1284 563 Quaeres?

156 580 328 647 praeferens,
351 580 398 633 sed
415 579 458 632 Ns
476 577 539 645 fist,
562 582 701 646 tamquam
718 577 744 631 si
762 578 896 631 traditum
913 577 960 644 sit,
977 578 1107 632 retinens.
1142 576 1186 644 Os.
1205 576 1287 632 suu·

159 660 278 713 mundus
296 660 403 714 Annal.
418 659 488 728 pbil.
505 656 618 711 CXIII
629 674 659 725 p.
675 661 718 711 61.
749 656 832 710 Anat
850 672 922 725 quse
940 657 995 710 hss
1013 671 1059 710 res
1078 657 1144 710 sunt
1161 656 1288 711 Palma

160 737 302 792 Hermatb.
319 738 413 792 XIII
427 739 464 807 (a.
480 738 564 805 1887)
580 754 608 805 p.
622 740 685 792 235.

74 848 78 855 .
250 823 302 872 362
316 833 354 887 sq.
373 817 499 872 Tametsi
521 816 552 870 id
570 832 626 869 non
645 816 798 870 futurumst
817 816 947 886 Guyetra.
984 814 1113 870 Tametsi
1130 816 1160 871 id
1178 817 1290 872 {aarum

160 912 216 950 non
240 900 283 951 est
306 915 366 952 sum
388 897 450 951 ΡΖ
470 898 602 962 Botbius,
626 895 782 960 Bentleius,
804 895 952 951 Braunius
970 896 988 951 l.
1002 912 1024 950 s.
1038 912 1060 952 s.
1076 914 1108 966 p.
1122 898 1235 971 Mada.
1255 898 1292 966 (le

159 975 319 1031 Tamsnetsi
338 978 420 1031 iusta
433 978 529 1031 tamen
551 979 562 1044 l
583 975 645 1029 Etsi
659 975 844 1030 dubitationes
857 989 965 1028 manens
981 976 1032 1030 aix
1043 977 1156 1044 iustas),
1173 976 1237 1031 alii:
1251 977 1293 1030 ubi

159 1055 188 1108 id
206 1054 331 1109 futurum
349 1061 484 1110 mutatum
502 1072 555 1110 esse
572 1056 610 1109 ad
628 1055 779 1122 esaaplum
795 1070 889 1108 uersus
902 1057 956 1109 364
974 1055 1123 1110 rectissime
1140 1057 1246 1111 monuit
1259 1055 1295 1130 a,

160 1133 267 1189 Tamen
291 1137 314 1188 si
338 1136 453 1189 daturus
477 1151 533 1188 non
556 1140 600 1189 est
623 1151 718 1189 eruens
741 1150 775 1187 es
792 1132 819 1186 A
844 1134 984 1204 (antiqua
1002 1151 1089 1189 manu
1105 1137 1295 1205 suprascriptis

159 1214 257 1268 litteris
275 1232 344 1284 quas
361 1231 417 1270 nan
436 1215 581 1283 expedia’).
605 1213 711 1268 Tamen
729 1214 783 1268 etsi
802 1231 918 1268 ausurus
937 1232 994 1271 non
1012 1215 1058 1270 est
1075 1214 1234 1285 Gepperlus.
1260 1218 1294 1270 Δί

159 1295 307 1348 subiratum
335 1296 484 1364 participii
515 1296 547 1348 in
574 1312 666 1348 -urus
698 1295 848 1349 necessario
879 1311 973 1350 servem
1004 1296 1166 1350 sumendum
1191 1301 1296 1366 propter

160 1390 185 1426 s.
205 1378 255 1427 333
285 1375 344 1444 (ubi
371 1376 463 1429 minus
489 1379 558 1429 recle
581 1374 706 1428 tunicam
729 1373 754 1427 is
777 1389 846 1427 corr.
866 1372 896 1425 73
915 1390 969 1443 pro
992 1370 1104 1427 tunicas
1128 1373 1296 1443 ‘quamquam

163 1459 268 1521 poetam
291 1455 382 1522 ipsum
404 1454 507 1508 dedisse
529 1452 554 1506 is
577 1451 701 1507 tunicam
724 1452 918 1521 crediderim’).
954 1452 1063 1507 Malum
1081 1453 1189 1508 dieitur
1205 1453 1296 1523 spissi,

160 1538 192 1586 ut
212 1530 358 1588 ‘nancisei’
378 1534 468 1601 (Asin.
484 1534 566 1602 323),
585 1535 621 1588 al.

246 1618 307 1666 372.
332 1628 429 1681 aprum
453 1613 634 1667 Buecbelerus
656 1615 733 1681 apud
756 1612 949 1681 Brupnsanum
971 1613 1005 1666 de
1027 1612 1110 1665 iamb.
1134 1629 1191 1667 sen.
1210 1630 1240 1682 p.
1257 1617 1296 1667 3⁶.

161 1691 201 1757 Os.
221 1691 350 1748 Klotrius
366 1710 394 1761 p.
415 1695 478 1748 312.
518 1693 575 1747 Pro
598 1710 657 1746 uua
679 1710 741 1747 soce
763 1698 803 1746 est
822 1691 981 1760 operbmdo.
1019 1693 1112 1746 Ama
1130 1708 1196 1759 non,
1213 1710 1296 1761 neque

156 1786 211 1839 pra
229 1788 285 1826 non
300 1790 330 1827 ss
343 1789 433 1841 neque
447 1774 573 1828 Batbius.
602 1773 649 1827 Ad
663 1790 686 1826 a.
698 1778 749 1826 373
764 1773 799 1838 ef.
810 1773 952 1827 Bentleius
966 1772 1004 1826 ad
1020 1772 1141 1826 Pbaedr.
1153 1772 1263 1840 11117,
1271 1786 1295 1827 s.

248 1858 308 1906 377.
328 1852 423 1907 lubere
442 1851 498 1906 hau
516 1851 625 1919 lubeat,
645 1852 669 1904 si
687 1851 774 1906 liceat
791 1869 852 1905 cuns
870 1851 976 1907 Pistori
994 1849 1038 1905 Ἡε
1061 1852 1096 1918 οἱ.
1118 1852 1197 1921 ‘pbrl
1216 1853 1292 1907 Ans)

158 1930 255 1984 XVII
273 1949 302 2002 p.
323 1936 386 1986 163.
425 1932 548 1987 Oeterum
569 1937 652 1987 antea
675 1930 906 2000 licet'flllsabere?
935 1948 985 2000 per
1006 1948 1053 1986 ms
1076 1931 1133 1985 tibi
1154 1932 1237 1987 lisere
1258 1933 1294 1986 in·

157 2009 263 2079 bellego
282 2010 369 2065 Valla.

243 2095 303 2146 379.
325 2089 420 2144 Seisne
439 2090 588 2161 Seyffertus
606 2092 706 2146 Philal.
729 2091 845 2145 XXIX
858 2109 888 2161 p.
908 2095 963 2145 407
985 2092 1026 2145 sel
1050 2089 1116 2146 Saia
1140 2092 1198 2146 ism
1216 2094 1290 2162 (qual

154 2172 313 2225 dubitanter
327 2173 469 2239 anzpleaus
483 2178 520 2226 est
534 2172 685 2227 Muellerus
699 2172 839 2226 ‘Naelstn'
853 2189 883 2240 p.
898 2173 971 2239 100).
1001 2169 1062 2226 Seis
1076 2171 1136 2226 ism
1151 2171 1290 2243 Vsrinpius.

157 2250 213 2305 Via
227 2252 394 2318 probabitur
412 2252 485 2305 Nam
505 2251 559 2306 scis
579 2255 623 2322 (ex
641 2269 670 2306 eo
688 2252 843 2321 partiendae
861 2268 928 2320 usu,
950 2253 983 2306 de
1005 2268 1059 2320 aua
1080 2253 1149 2307 saite
1166 2254 1290 2308 iudisaail

153 2330 324 2386 Dombartus
343 2332 400 2384 ‘Bl.
420 2333 441 2398 f.
461 2333 551 2402 bayer.
568 2332 678 2403 Gymn’
698 2331 780 2384 XVI
798 2349 825 2387 a.
838 2337 913 2386 1880
926 2348 953 2401 p.
968 2332 1074 2400 losa).
1085 2361 1119 2371 -
1130 2349 1203 2400 quse
1220 2348 1289 2401 praa

155 2409 228 2479 cipio
248 2412 424 2467 Oarnerarius
442 2414 508 2467 duee
526 2413 563 2467 Β.
601 2411 643 2478 Os.
663 2411 864 2466 Fubrmannus
881 2411 986 2468 Annal.
1002 2411 1073 2480 pbil.
1089 2410 1146 2465 01⁷
1160 2429 1188 2481 p.
1201 2416 1262 2468 823,

244 2497 303 2546 380.
324 2491 360 2546 st
377 2493 410 2545 st
428 2490 458 2545 ui
473 2495 570 2561 surpta
584 2493 621 2547 st.
649 2489 687 2545 Et
699 2489 739 2556 id,
759 2491 791 2542 at
805 2493 936 2559 surrupta
950 2507 1011 2545 eum
1025 2490 1135 2560 Guyeta
1151 2490 1289 2562 Vssinpiss.

156 2570 198 2638 Of.
219 2588 323 2640 arpum.
339 2572 360 2623 Ι
370 2575 390 2625 2
409 2578 434 2626 et
451 2573 512 2626 side
532 2572 722 2641 Niemeperum
738 2588 767 2640 p.
783 2575 831 2626 28.
1101 2634 1104 2639 ,

243 2655 302 2705 383.
322 2650 418 2704 uidebo
436 2650 486 2705 ubi
505 2666 549 2704 ms
568 2650 646 2704 uoles
667 2649 850 2705 Camerarius.
890 2650 931 2717 Of.
952 2650 1082 2706 Klataisus
1096 2669 1127 2720 p.
1144 2657 1205 2707 314.

244 2736 304 2783 383.
324 2746 380 2783 non
397 2746 470 2783 nune
489 2727 635 2784 hominum
654 2731 686 2783 tu
699 2746 792 2784 mores
807 2730 987 2801 Brupmanus
1001 2731 1035 2784 de
1048 2733 1131 2786 iansb.
1146 2749 1239 2801 semp.
1253 2736 1286 2785 41.

155 2811 196 2875 Cf.
213 2811 346 2862 Crainius
360 2810 460 2862 Pbilal.
472 2809 525 2861 IX
534 2827 563 2877 p.
575 2814 640 2863 062.
664 2808 709 2862 De
726 2824 799 2862 nunc
814 2810 977 2878 explicanda
990 2813 1156 2866 sententiam
1169 2812 1288 2881 Sauliperi

154 2890 323 2955 aliarumque
337 2905 461 2956 perverse
480 2890 623 2957 impupuat
643 2888 796 2959 Vssiupius.

243 2972 304 3020 386.
324 2966 434 3035 (uides)
460 2966 643 3032 Quoifismodi
668 2967 712 3022 a:
735 2969 771 3034 es.
793 2968 891 3037 Opuse.
911 2970 981 3037 pbil.
1002 2970 1044 3022 II
1057 2987 1088 3039 p.
1110 2976 1174 3027 727.
1203 2970 1281 3026 Cuius·

153 3044 273 3098 uismodi
299 3045 428 3114 Gupetus.
459 3045 633 3102 Ouiauimodi
657 3047 851 3115 Ijsendijlius.
891 3048 932 3115 Os.
957 3049 1097 3104 Lucbsius
1124 3053 1156 3105 in
1180 3051 1282 3105 Studem

154 3124 233 3179 Stud.
258 3125 280 3177 I
301 3142 331 3194 p.
356 3130 418 3191 347,
452 3127 610 3182 Brandtius
641 3128 675 3183 de
700 3145 760 3197 pen.
786 3144 815 3198 p.
838 3133 884 3194 49,
912 3129 971 3182 alii.
1001 3158 1034 3168 -
1069 3128 1140 3186 Vide
1167 3131 1283 3185 Baierun

152 3220 182 3273 p.
198 3207 233 3257 75
247 3204 327 3271 asu„
347 3209 408 3259 176.

246 3288 305 3338 387.
325 3282 398 3336 Dum
417 3285 468 3340 dos
487 3288 530 3339 est
549 3285 593 3353 a,
618 3303 651 3340 es
670 3288 696 3339 A
720 3293 751 3340 ut
765 3287 898 3357 putabat.-
921 3288 993 3341 unde
1016 3278 1149 3344 erransnt
1170 3290 1282 3346 Holtsiu

152 3364 185 3416 de
202 3368 272 3432 synt.
292 3363 332 3415 II
347 3381 377 3433 p.
397 3369 461 3431 130,
484 3366 691 3421 Iliebardsanus
714 3368 747 3421 de
772 3376 836 3416 svs!
852 3368 954 3435 partie.
974 3384 1005 3436 p.
1025 3372 1076 3433 38,
1100 3369 1161 3424 alii.
1203 3367 1281 3432 Atel.

155 3441 307 3510 Geppertus
326 3443 404 3499 suaa.
418 3445 468 3499 .Pl.
484 3445 525 3497 ΙΙ
536 3464 566 3515 p.
581 3450 627 3514 82,
646 3446 796 3517 Seyffertus
814 3448 898 3502 Burs.
917 3448 1022 3502 Annal.
1038 3448 1158 3503 LXIII
1170 3468 1200 3518 p.
1213 3453 1253 3504 20.

242 3528 294 3576 390
303 3540 341 3592 sq.
361 3524 523 3580 Acidalium
546 3527 631 3582 secuti
654 3528 686 3581 in
707 3542 834 3581 ausuum
857 3527 953 3580 ordine
975 3529 1136 3583 invertendo
1155 3529 1212 3583 Nee
1225 3572 1231 3584 .
1244 3571 1249 3581 .
1262 3567 1280 3580 ..

153 3601 230 3655 dicas
250 3619 311 3656 eum
331 3603 362 3656 F
378 3605 510 3673 Botbius,
530 3606 572 3659 Ne
665 3607 751 3661 ducas
771 3604 801 3658 73
819 3621 904 3661 earn.-
926 3622 979 3675 qua
997 3623 1055 3660 nan
1073 3609 1182 3663 tollitur
1198 3611 1279 3663 insan-

152 3682 262 3736 madurn
289 3699 322 3736 ea
349 3685 469 3739 versibus
496 3686 537 3738 sie
563 3702 617 3739 sese
644 3687 844 3754 excipientibus
871 3687 988 3741 illatum.
1013 3696 1057 3727 -'
1072 3686 1155 3741 deum
1183 3685 1278 3741 uirlstu

151 3761 185 3814 I..
203 3763 368 3830 Muellerus,
383 3780 535 3832 perperam.
575 3763 617 3831 Of.
641 3766 717 3820 Trin.
734 3770 795 3821 346.

240 3848 300 3897 399.
331 3841 475 3897 Librorum
499 3844 574 3898 enim
597 3845 726 3899 eccillum
750 3845 840 3900 habeo
866 3845 994 3916 Pylades.
1036 3847 1135 3901 Habeo
1163 3847 1277 3902 librorum

151 3921 282 3975 eccillum
303 3922 432 3992 Guyetus.
457 3923 606 3978 Librorum
625 3924 755 3979 sacillum
774 3941 827 3994 ego
847 3925 872 3978 h.
894 3925 930 3980 73.
954 3923 1102 3979 Libmrum
1121 3927 1197 3981 domi
1213 3923 1277 3979 sesil-
1327 3978 1329 3985 .

151 3997 209 4051 lum
228 4000 256 4053 h.
277 4001 429 4056 Muellerus
450 4003 528 4058 Pras.
543 4021 573 4073 p.
593 4009 655 4060 495.
686 4005 858 4059 Libellorum
882 4002 1013 4058 eccillum
1031 4005 1059 4057 h.
1079 4005 1202 4061 Korbias
1218 4003 1275 4059 Mu.

149 4077 236 4131 Itbea.
258 4079 392 4133 XXXII
410 4099 439 4150 p.
461 4088 496 4138 99
505 4100 557 4152 sa:
581 4090 610 4138 at
634 4086 668 4151 cs.
695 4084 773 4139 Orare.
791 4088 860 4151 239,
883 4083 968 4138 Slicb.
987 4089 1051 4139 400.
1071 4089 1133 4140 454.
1151 4117 1187 4127 -
1204 4083 1275 4139 babel

150 4154 265 4222 plenum
289 4159 364 4212 intus
389 4160 560 4216 Scbenlcelius
583 4162 661 4218 Stud.
684 4164 728 4218 Pl.
744 4182 774 4233 p.
794 4167 849 4218 623
873 4165 984 4230 sonsum
1007 4165 1156 4235 disputans
1173 4164 1274 4221 ommes:

150 4235 245 4289 nulius
264 4236 355 4293 habeo
374 4239 450 4294 intus
468 4242 580 4310 plenum
600 4243 750 4312 Seyffertus
768 4244 801 4298 de
820 4242 938 4313 plsllum
956 4245 1048 4311 farma
1066 4262 1100 4299 ex
1118 4247 1147 4300 A
1164 4247 1272 4314 σοφίαι,

150 4313 210 4365 Au.-
229 4316 374 4382 plenalum
393 4318 504 4375 habeo?
541 4321 582 4389 Of.
603 4322 733 4378 Klotsius
749 4328 897 4397 p.168sq.
931 4325 978 4378 Ad
997 4324 1108 4379 hsbsba
1125 4325 1197 4394 quad
1212 4319 1272 4377 dubi·

148 4395 238 4444 tauter
257 4400 367 4461 reposui
384 4399 420 4463 es.
441 4399 562 4455 Brisius
579 4403 617 4456 ad
635 4402 699 4458 Mil.
714 4407 771 4458 330
789 4409 814 4458 et
835 4403 914 4459 Trin.
930 4408 995 4459 606.
1009 4408 1078 4465 923,
1097 4404 1135 4458 αί.
