2910 5528
135 39 1133 348 u

642 754 850 812 PRAEFATIO
1276 779 1323 827 xv

269 915 383 982 Paua
414 917 600 999 Arapbitrao
637 920 791 984 Asinaria
822 921 995 986 Arcadem
1025 920 1150 1002 Captivi
1182 921 1326 988 Oararlio

176 1022 296 1088 &aa
316 1023 496 1089 Cistellaria
517 1023 669 1106 Epidicus
691 1026 814 1091 Μῶν.
837 1031 858 1090 4
879 1026 982 1106 folior.
1005 1034 1026 1091 9
1049 1024 1133 1113 (?)*)
1225 1106 1232 1119 .

266 1127 441 1196 Sufficiunt
467 1135 575 1196 autem
604 1134 742 1214 paucula
770 1154 808 1196 ea
835 1154 917 1216 quae
940 1133 1073 1198 Hertzio
1103 1134 1256 1198 debemus
1284 1135 1323 1199 ad

178 1235 466 1301 demonstrandam
498 1237 640 1320 aliquam
672 1238 855 1321 deperditae
888 1240 1095 1305 membranae
1128 1241 1312 1307 bonitatem

265 1343 395 1408 Titulus
417 1344 528 1424 incipit
543 1343 690 1425 praepos
711 1345 746 1407 ia
769 1344 1003 1426 amphibiorum
1020 1347 1126 1428 pinati
1143 1354 1230 1435 poete
1250 1347 1276 1411 B

260 1450 368 1532 plauti
394 1451 431 1514 ia
456 1449 669 1534 arapbytrirme
694 1451 804 1532 incepit
828 1453 974 1534 protopas
1001 1454 1069 1523 cod.
1096 1454 1315 1521 Messanensis

266 1556 376 1622 Titulo
396 1562 506 1621 carent
523 1557 595 1622 DE.
631 1557 763 1622 Initium
784 1558 913 1622 fabulae
932 1559 1099 1624 intercidit
1116 1559 1147 1623 J.
1163 1560 1240 1646 Arg.
1255 1562 1270 1624 Ι
1288 1564 1319 1627 l:

312 1683 420 1729 uersas
442 1662 537 1728 Bnn
561 1661 610 1745 (in
631 1662 654 1727 J
678 1668 824 1728 servatus
847 1669 986 1738 nonest
1009 1663 1053 1749 v.)

312 1789 424 1835 waes
445 1770 515 1836 cod.
539 1768 766 1836 Messanensis.

270 1874 420 1941 Punica
447 1897 611 1941 recensere
638 1876 700 1959 ipsi
724 1898 789 1940 non
812 1875 990 1958 potuimus:
1019 1881 1193 1942 notamen
1217 1879 1324 1944 officio

181 1985 296 2047 nostro
324 1983 436 2048 deesse
463 1982 658 2067 videremur,
687 1982 872 2047 Ioannem
895 1980 1175 2050 Gildemeister
1197 1986 1237 2050 de
1265 1986 1325 2051 hac

180 2109 215 2152 re
237 2088 413 2154 adivimus:
436 2090 491 2173 qui
515 2089 599 2173 quod
624 2091 746 2169 partem
772 2089 886 2152 saltem
910 2089 1070 2154 recensuit
1091 2096 1129 2156 ut
1147 2093 1209 2176 ipsi
1225 2093 1324 2157 laeta
1418 2174 1421 2181 Ι

180 2216 253 2259 mur
275 2195 323 2260 ita
346 2196 429 2261 elios
456 2197 635 2260 laetaturos
662 2215 733 2258 esse
757 2191 946 2280 scimus.**)
992 2195 1128 2281 Scripsit
1153 2203 1261 2263 autem
1286 2200 1324 2264 de

179 2303 377 2367 recensionis
400 2322 478 2368 suae
501 2303 626 2367 ratione
650 2300 743 2365 haec:

270 2407 494 2474 “Ritsohelius
513 2430 586 2474 cum
606 2429 691 2472 anno
711 2407 807 2471 huius
825 2409 944 2472 saeculi
963 2411 1166 2494 sexagesimo
1181 2415 1213 2474 et
1227 2412 1324 2476 tertio

180 2519 239 2579 aut
267 2518 383 2598 quarto
407 2515 450 2579 de
472 2516 595 2580 edenda
617 2514 760 2580 Poenulo
785 2515 955 2599 cogitaret,
983 2538 1033 2580 me
1056 2518 1237 2600 arcessivit,
1269 2519 1324 2602 qui

179 2623 215 2686 in
239 2620 361 2687 Punica
384 2624 484 2687 verba
506 2621 678 2688 tractanda
705 2626 737 2684 et
759 2621 799 2685 ad
823 2643 969 2687 normam
993 2624 1123 2709 linguae
1146 2625 1325 2689 revocanda

178 2750 313 2812 operam
346 2730 534 2794 conferrem.
584 2727 780 2811 Praeparavi
812 2731 889 2793 tunc
920 2729 1028 2794 decem
1062 2752 1173 2795 versus
1201 2732 1324 2815 priores

253 2868 280 2925 *l
299 2868 425 2923 Alterum
444 2867 569 2922 codicem
588 2866 750 2921 Plautinum
770 2866 796 2919 S.
818 2866 925 2921 Placidi
943 2868 1138 2936 Messanensis,
1157 2887 1240 2938 quem
1259 2871 1324 2924 Blu-

179 2949 255 3002 mius
278 2947 376 3002 eodem
404 2947 467 3003 loeo
490 2949 530 3002 sic
552 2948 699 3003 describit:
729 2946 834 3000 ‘Plauti
860 2948 1024 3017 Bacchides,
1053 2951 1239 3018 Mostellaria,
1267 2953 1324 3005 Me·

180 3029 304 3093 neohmi‚
323 3028 404 3083 Miles
419 3028 566 3098 gloriosus,
586 3027 730 3094 Charinus,
750 3026 896 3098 Mercator,
911 3029 1072 3097 Pseudolus,
1086 3031 1215 3098 Penulus,
1231 3031 1323 3097 Peras,

180 3108 308 3176 Stichus,
331 3106 521 3176 'll-inummus,
547 3108 739 3162 Truculentus.
774 3108 886 3161 membr.
912 3111 941 3163 et
958 3108 1050 3167 'chart
1071 3111 1118 3166 fol.
1138 3109 1229 3166 folior.
1251 3112 1323 3165 178’.

181 3190 204 3244 B
225 3194 260 3243 10
279 3190 420 3258 signatum
440 3189 525 3244 luisse
546 3191 575 3242 ct
593 3204 664 3242 saec.
684 3186 735 3239 XV
755 3186 888 3256 scriptum
908 3189 982 3243 idem
1001 3207 1052 3245 nos
1071 3190 1168 3245 docuit
1185 3190 1322 3245 Hertzins.

237 3269 281 3337 ο·)
301 3270 342 3325 De
360 3271 453 3325 verbis
466 3270 650 3340 myctbibarus'
663 3268 765 3338 mysehi
779 3268 811 3334 (s.
825 3269 906 3336 tesbi)
921 3286 1004 3336 quam
1019 3269 1099 3324 vario
1114 3273 1144 3324 st
1156 3271 1226 3324 miro
1240 3271 1324 3324 modo

177 3350 260 3405 docti
284 3349 482 3418 iudicaverint,
507 3367 562 3405 non
588 3348 687 3402 inutile
708 3348 761 3402 crit
780 3349 862 3403 scire:
889 3366 944 3417 qua
969 3350 1003 3404 de
1027 3367 1148 3420 requae
1168 3350 1326 3420 composuit

179 3428 382 3486 Gildemeister
409 3432 503 3484 tacere
535 3430 676 3483 nolumus:
708 3427 824 3482 “Petit:
853 3428 925 3482 filias
952 3430 1084 3500 generavi
1112 3430 1228 3499 lpotius:
1260 3448 1324 3486 oon-

177 3510 265 3581 cepi),
283 3510 368 3564 robur
385 3527 487 3566 meum.
512 3541 545 3550 -
572 3509 706 3563 Bochart:
731 3525 764 3562 cx
783 3509 868 3561 ductu
887 3525 982 3563 eorum
1000 3510 1145 3579 negotium
1165 3527 1266 3564 meum.
1291 3541 1323 3549 -·

176 3589 331 3660 Sappuhn:
356 3590 417 3660 [ad]
441 3589 620 3659 gaudendum
643 3589 672 3642 in
696 3589 810 3658 negotio
834 3605 904 3644 meo.
934 3620 968 3629 —
995 3590 1171 3660 Verbrugge:
1195 3590 1324 3644 iuvenem

177 3687 290 3738 meum,
318 3671 342 3725 si
369 3670 459 3725 virum
487 3686 587 3724 meum.
615 3701 647 3708 -
675 3668 814 3723 Dorhoub:
845 3668 985 3739 [pro]pter
1011 3688 1054 3724 ree
1077 3687 1167 3735 meas,
1194 3671 1262 3723 heri,
1292 3702 1322 3710 .-
1372 3695 1384 3714 ι

179 3749 350 3805 Velthusen:
376 3749 435 3820 [ob]
460 3749 536 3817 quod
558 3747 738 3802 transfretavi
757 3748 830 3802 inde.
855 3780 887 3787 -
913 3747 1102 3819 OGTychsen:
1127 3750 1325 3818 [exelquantur

178 3847 241 3887 rem
265 3845 356 3883 meam
380 3828 408 3882 in
432 3828 553 3883 salutem
576 3845 675 3882 meam.
701 3857 733 3866 -
758 3827 948 3882 Bellermann:
973 3846 1005 3882 ex
1029 3827 1128 3883 edictis
1147 3828 1258 3880 illorum
1278 3844 1324 3880 ne-

177 3910 292 3983 gotium
311 3926 414 3962 meum.
439 3941 471 3948 -
497 3909 682 3962 Lindemann:
707 3907 759 3977 [in]
785 3908 922 3976 angustiis
940 3907 1010 3961 meis
1030 3908 1082 3961 rite
1102 3907 1236 3975 procedat
1254 3923 1324 3975 opus

178 4008 285 4049 meum.
311 4020 342 4029 —
368 3989 515 4044 Gesenius:
543 3990 618 4045 iussu
638 4006 735 4044 eorum
753 3987 920 4042 desiderium
940 4003 1044 4055 meum,
1071 3984 1152 4054 (vals)
1172 4001 1235 4038 cum
1254 3984 1327 4037 desi·

178 4071 262 4126 derio
280 4086 384 4127 eorum.
406 4101 437 4108 -
458 4069 572 4124 Wurm:
591 4069 723 4138 qnoniam
742 4069 776 4122 de
795 4068 877 4122 rebus
896 4069 966 4121 meis
986 4068 1028 4120 cst
1046 4065 1183 4134 profectio
1202 4083 1272 4120 mea.
1295 4097 1323 4104 -

179 4151 270 4205 Wex:
290 4165 340 4219 pro
359 4148 441 4203 rebus
460 4150 541 4215 meis;
562 4151 667 4204 utinam
684 4151 806 4218 potestas
821 4147 877 4200 liat.
898 4177 930 4185 —
950 4145 1039 4199 Idem:
1061 4162 1093 4198 ex
1108 4143 1200 4198 verbis
1215 4161 1326 4211 eorum3

178 4228 352 4284 desiderium
380 4245 474 4283 meum
502 4232 553 4283 est.
586 4261 618 4270 -
652 4229 740 4282 Idem:
770 4227 835 4292 rite;
864 4225 995 4295 respicite
1024 4223 1161 4277 desideria
1190 4240 1259 4278 mea
1293 4254 1325 4263 —

178 4309 307 4376 Bemry:
334 4308 481 4362 edecreto
508 4310 617 4375 ratum
642 4307 810 4362 desiderium
834 4321 935 4360 meum.
962 4335 993 4343 -
1018 4302 1128 4356 Ewald:
1153 4321 1208 4359 von
1226 4304 1328 4359 Fehler

178 4389 236 4445 nei
260 4388 317 4442 und
341 4405 396 4443 von
414 4386 565 4443 Versehen.
591 4421 623 4428 -
648 4387 772 4443 Movers:
797 4386 947 4440 kommend
971 4385 1000 4438 in
1024 4383 1099 4438 diere
1119 4383 1201 4438 Stadt
1220 4386 1275 4439 und
1294 4403 1327 4439 au

179 4470 270 4524 deren
290 4467 470 4525 Bewobncrn.
496 4500 530 4509 —
555 4468 665 4537 Hitzig:
690 4468 764 4521 mein
788 4464 894 4520 Finden
914 4463 1115 4533 Prdmmiglrcit
1138 4466 1194 4519 und
1217 4469 1328 4536 gestem

179 4547 271 4619 (qnod
291 4563 350 4602 ease
370 4550 443 4603 vult:
462 4549 650 4619 nachgerade)
670 4549 781 4617 gelinge
796 4564 832 4601 es.
852 4576 886 4585 —
906 4544 1005 4598 Meier:
1025 4543 1097 4597 ohne
1113 4543 1249 4614 Sohaden,
1270 4545 1329 4600 rein

178 4630 241 4687 und
260 4630 333 4684 ohne
348 4630 467 4684 Unrath.
488 4661 520 4669 -
541 4631 636 4683 ludas:
655 4629 708 4683 rite
723 4627 892 4682 desiderium
906 4643 1005 4680 meum.
1025 4656 1061 4664 -
1080 4625 1245 4680 schroeder:
1265 4630 1328 4695 gut3

180 4709 274 4778 sehet,
294 4709 345 4762 dae
364 4709 401 4762 ist
420 4709 494 4763 mein
511 4709 642 4762 Wunsch.
663 4740 696 4747 -
716 4706 908 4777 Derenbourg:
930 4705 1017 4777 [vers]
1037 4706 1063 4758 le
1082 4705 1133 4759 but
1152 4724 1221 4774 pour
1236 4706 1328 4773 lequel

175 4790 210 4862 je
231 4789 290 4843 suis
309 4805 390 4844 venu.
412 4821 444 4830 —
468 4790 628 4845 Neubauer:
648 4788 684 4857 by
706 4788 817 4857 coming
836 4787 896 4840 into
914 4788 964 4840 the
983 4789 1058 4841 town
1078 4788 1131 4840 and
1151 4785 1215 4842 that
1232 4786 1245 4839 I
1264 4805 1327 4855 may

179 4869 251 4925 lind.
273 4898 306 4910 -
327 4869 466 4924 Rodwell:
487 4870 573 4940 [that]
593 4886 623 4923 ao
643 4870 654 4922 l
673 4887 738 4937 may
756 4870 792 4922 be
811 4868 951 4937 spotles''.
