2910 5528
600 726 808 812 esuriemus
1214 753 1276 798 m

135 917 164 926 -
186 886 262 958 Quae
273 887 373 942 babeat
392 918 424 928 —
447 888 615 956 Priusquam
636 918 667 926 -·
688 887 861 955 Socruficare
881 921 909 929 -
932 889 980 944 Ita
993 895 1106 944 suut-
1120 891 1227 959 Edepol
1241 922 1275 931 —

135 966 212 1021 Nihil
229 969 286 1026 uisi
305 999 338 1008 -
357 969 402 1022 Ec
419 969 486 1037 quid
505 999 538 1007 —
558 967 633 1021 Num
651 969 758 1037 quidem
781 1000 813 1007 -
841 972 899 1037 Aqe
917 972 955 1022 sis
981 1000 1012 1010 -
1040 969 1167 1024 Primum
1183 972 1276 1038 prima

135 1079 161 1087 -
183 1048 357 1103 Salueertra
374 1078 408 1088 -
429 1049 515 1118 Quale
533 1077 566 1086 -
586 1048 649 1101 Elio
664 1065 702 1100 am
722 1078 753 1087 —
775 1048 849 1117 Quid
862 1050 930 1102 inibi
949 1080 981 1089 —
1002 1049 1064 1104 Seio
1080 1081 1112 1090 -
1128 1056 1188 1106 3⁶2.
1201 1052 1275 1121 Quid

135 1145 176 1197 eqo
204 1158 239 1169 -
267 1128 360 1184 Verba
385 1128 460 1198 Quid
481 1146 521 1183 ure
543 1130 588 1181 uis
611 1128 702 1181 versui
722 1132 774 1181 284
797 1128 950 1183 adhaerent
979 1161 1010 1169 -
1039 1136 1099 1184 403.
1124 1129 1221 1186 Verum
1241 1162 1273 1170 -

135 1209 194 1262 ¹Vari
212 1225 273 1263 sum
299 1241 332 1248 —
362 1209 433 1264 Mose
460 1240 495 1248 -
520 1209 618 1278 Adque
636 1208 724 1261 audiri
757 1238 789 1246 —
824 1208 912 1276 Atque
929 1209 978 1262 liae
1011 1239 1044 1248 -
1076 1208 1207 1277 Respexit
1241 1241 1273 1248 —

135 1293 190 1345 [12.
212 1288 359 1358 Ouidium
380 1320 411 1327 -
435 1289 508 1358 Quid
530 1306 605 1342 uuuc
629 1320 659 1327 -
686 1292 744 1341 418.
768 1287 922 1357 Perque-
944 1288 998 1342 Em
1017 1319 1050 1328 -
1071 1287 1184 1342 Fue-
1205 1288 1273 1344 Per-

135 1369 212 1422 'ocele
232 1398 265 1408 -
284 1367 347 1422 Iam
367 1398 399 1407 -
419 1367 512 1437 Fuqio
531 1399 565 1409 -
585 1369 647 1439 Epa
665 1384 700 1420 uc
719 1398 750 1406 —
778 1367 812 1421 Vt
830 1385 886 1421 mou
905 1399 936 1407 -
957 1367 1089 1422 Emittam
1115 1399 1148 1408 -
1180 1370 1274 1439 Quam-

137 1467 187 1502 um
204 1479 240 1489 -
260 1449 396 1503 Abiturus
413 1465 447 1501 uc
467 1479 499 1488 —
519 1450 612 1518 Neque
634 1450 710 1520 stellp
728 1478 760 1487 -
781 1448 874 1516 Neque
892 1449 977 1502 berete
996 1479 1029 1488 —
1048 1453 1108 1502 469.
1131 1449 1185 1518 Qui
1202 1451 1274 1504 lianc

135 1560 160 1569 -
184 1529 236 1583 Ita
253 1534 285 1581 ut
303 1557 337 1566 -
358 1525 417 1596 Quo
436 1529 579 1596 serapium
598 1559 631 1567 -
651 1529 681 1581 Ε
698 1528 878 1581 uolaticarum
901 1558 934 1567 -
959 1530 1006 1581 Au
1024 1529 1130 1582 obsecro
1151 1560 1181 1568 —
1204 1531 1274 1599 Quo-

135 1609 261 1663 uodo-
283 1605 453 1674 Fumdusque
472 1637 503 1646 -
524 1607 607 1661 Scitis
626 1609 662 1676 (v.
678 1608 741 1674 547)
762 1636 794 1647 υ
815 1612 874 1661 560.
890 1608 973 1676 Isque
992 1638 1025 1647 -
1051 1608 1105 1661 Vbi
1117 1609 1143 1661 is
1161 1639 1194 1648 -
1215 1610 1274 1663 Me·

136 1686 252 1741 uiuisiis
271 1715 303 1724 —
324 1684 360 1739 Id
374 1686 526 1739 dublieabit
545 1717 578 1726 -
598 1689 702 1741 Adrum
722 1718 755 1727 -
781 1687 835 1740 Vix
850 1717 881 1726 -
898 1688 959 1757 Hoq
981 1718 1009 1727 -
1030 1687 1105 1741 Beue
1119 1717 1152 1729 -
1170 1688 1275 1756 Optime

135 1798 161 1806 —
185 1773 247 1820 621.
267 1765 384 1819 Aetolici
399 1796 430 1804 —
447 1765 486 1818 Et
500 1784 670 1836 quamquam
689 1798 722 1807 -
742 1767 894 1822 Fortunati
912 1799 945 1806 —
965 1769 1035 1822 Istic
1053 1797 1086 1807 -
1107 1774 1166 1823 700.
1185 1767 1234 1822 Ibi
1253 1773 1277 1821 te

135 1877 165 1886 -
184 1847 235 1900 Ibi
253 1851 285 1898 ut
308 1875 340 1886 -
371 1849 431 1899 768.
450 1846 498 1899 Ηα
517 1847 553 1898 ba
573 1877 603 1884 —
627 1846 806 1916 Pereqriuuru
834 1878 867 1887 -
898 1854 973 1902 1131.
992 1848 1083 1901 Nouis
1101 1855 1126 1903 et
1144 1878 1177 1888 —
1203 1848 1277 1918 Quid

135 1928 183 1982 {rbi
206 1957 239 1966 —
264 1925 434 1994 Aphrodisia
456 1956 490 1964 -
516 1926 573 1979 Ora
592 1931 648 1979 tum
669 1958 701 1965 -
723 1927 778 1981 Pol
804 1959 832 1965 —
858 1927 921 1982 Ebc
940 1959 972 1966 -
992 1928 1040 1982 Ita
1068 1959 1099 1967 -
1130 1934 1205 1983 1149.
1226 1927 1277 1983 Sed

135 2009 197 2076 quis
216 2037 247 2046 -
268 2005 330 2075 Epo
349 2035 382 2044 -
402 2007 476 2059 Abeo
495 2037 526 2044 —
551 2011 625 2060 1157.
648 2006 708 2061 Pac
721 2012 776 2060 lam
795 2038 828 2046 —
848 2006 969 2075 Spoudes
982 2025 1016 2061 ue
1035 2038 1067 2046 —
1089 2008 1277 2074 corriperem

135 2118 163 2127 -
183 2086 270 2140 Nuuc
288 2115 321 2125 —
342 2086 523 2140 Iamdudum
544 2116 576 2124 -
597 2088 671 2155 Quid
684 2088 709 2139 si
723 2117 756 2126 -
772 2086 923 2140 Praeterbit
938 2117 970 2126 -
987 2087 1090 2155 Maque
1105 2117 1136 2125 -
1152 2087 1276 2140 Restitue

135 2197 164 2206 —·
180 2166 243 2237 qu
257 2195 286 2204 -
306 2164 429 2219 Haecine
442 2195 476 2204 —
491 2166 557 2219 Scin
574 2195 605 2203 -
623 2165 727 2234 Opiuor
742 2197 774 2204 —
792 2173 868 2220 1179.
884 2167 1007 2219 Arabius
1022 2196 1054 2205 -
1071 2165 1226 2236 Ooruplebat
1242 2197 1274 2205 -

135 2245 232 2300 seusu
250 2275 282 2284 —
305 2245 362 2314 ραι
380 2245 416 2299 ad
436 2276 468 2284 —
490 2245 614 2298 Atliuuit
634 2276 665 2284 -
685 2246 779 2315 Neque
799 2247 833 2299 ab
855 2277 886 2284 —
901 2246 1010 2299 Malim
1025 2275 1057 2285 -
1079 2246 1165 2313 Spero
1185 2276 1217 2284 -
1242 2245 1277 2298 Vt

135 2327 229 2395 pol-
248 2325 293 2379 Eo
310 2341 403 2379 sumus
424 2357 454 2364 —
476 2331 553 2380 1191.
575 2326 675 2379 Omuia
694 2357 725 2365 -
750 2326 870 2380 Tace-
890 2327 934 2379 Ne
953 2327 1075 2379 lucruma
1097 2356 1129 2365 -
1150 2325 1227 2379 Sicut
1242 2356 1274 2365 —

135 2411 208 2460 1195.
229 2405 263 2459 si
280 2405 332 2459 libi
351 2435 382 2443 -
405 2407 544 2472 opaerue
563 2435 596 2443 -
618 2405 691 2474 Quid
709 2410 747 2457 est
765 2436 798 2444 -
818 2409 857 2459 At
875 2406 947 2458 euim
966 2435 999 2444 -
1021 2406 1094 2475 Quid
1118 2410 1156 2458 cst
1176 2433 1208 2443 —-
1227 2404 1276 2458 Iu·

135 2489 241 2555 qeuium
261 2515 292 2523 -
314 2489 390 2538 1382.
413 2484 480 2553 Quis
498 2486 543 2539 liic
562 2514 593 2523 -
615 2485 654 2536 Iu
672 2485 802 2538 seruitute
822 2515 853 2523 -
874 2491 912 2538 est
932 2488 963 2552 ᾖ
984 2485 1093 2539 Bellum
1113 2515 1145 2524 -
1167 2485 1204 2539 Ye
1222 2501 1276 2540 esse

135 2593 164 2604 -
186 2564 243 2634 Qui
259 2569 363 2618 moruut
382 2595 415 2604 —
436 2564 475 2616 Et
493 2564 566 2616 bruto

220 2663 310 2728 Haeo
334 2670 442 2728 autem
466 2663 504 2729 0:

205 2766 247 2815 10.
266 2759 365 2813 Nimia
383 2766 421 2813 est
440 2790 471 2797 —
493 2759 622 2814 lucedere
642 2790 673 2798 η
694 2759 803 2813 Sirium
822 2790 855 2797 —
875 2759 950 2812 Nam
970 2791 1001 2798 -
1027 2760 1062 2812 Vt
1080 2761 1223 2814 mercedem
1242 2791 1276 2800 -

135 2842 259 2895 Scortum
280 2870 311 2879 —
330 2840 389 2892 Aut
408 2841 486 2908 uirqe
509 2869 542 2878 -
566 2839 660 2893 Ducat
684 2870 717 2878 -
741 2841 842 2893 Auimo
863 2845 898 2877 ‘—
924 2840 1085 2894 Liberis-
1105 2839 1223 2894 Domum
1243 2870 1275 2878 —

135 2921 172 2974 Er
191 2922 259 2975 loris
278 2950 310 2959 —
333 2919 438 2972 Pueros
459 2951 488 2957 -
512 2921 639 2986 Afferaut
658 2950 690 2957 —
710 2918 768 2971 Hic
790 2920 868 2987 quasi
888 2948 918 2956 -
940 2918 1056 2972 Lactora
1075 2949 1107 2958 -
1128 2919 1278 2985 Conferant

135 3031 165 3041 -—
189 3001 336 3055 Curatores
355 3029 389 3038 —
407 2999 483 3052 Niue
503 3030 532 3037 -
554 3000 642 3052 Bouis
666 3029 698 3037 -
723 2998 892 3066 Iupopiuaru
918 3029 949 3063 7—
979 2998 1064 3051 Nune
1082 2981 1147 3052 dum
1166 3029 1199 3038 —
1220 2999 1276 3052 lm-

135 3084 209 3149 peria
233 3111 267 3120 -
291 3081 339 3134 Ad
362 3084 550 3148 arquuzeutum
570 3109 602 3118 -
627 3079 683 3132 Siti
700 3080 781 3147 siqua
798 3095 876 3133 rures
899 3108 933 3117 -
956 3078 997 3130 Ei
1015 3079 1055 3132 rei
1073 3108 1106 3116 -
1127 3078 1278 3134 Coruediuis

135 3161 253 3215 irradiari
275 3191 308 3199 -
334 3159 536 3213 Carchedonius
554 3190 587 3199 -
606 3159 712 3213 Narueu
735 3189 769 3196 —
793 3159 850 3212 Hic
868 3159 1017 3212 cerrsebitur
1042 3190 1072 3196 -
1097 3156 1149 3211 Vas
1168 3188 1200 3196 —
1223 3159 1277 3213 Pa-

135 3242 230 3293 trueles
255 3270 288 3279 -
312 3240 389 3293 Viuit
418 3270 450 3278 -
481 3239 554 3308 Quia
572 3240 640 3292 milri
663 3269 695 3278 -
723 3243 846 3292 ruortuus
865 3245 902 3292 cst
926 3269 958 3276 —
985 3237 1061 3290 Puer
1079 3268 1114 3277 -
1135 3237 1224 3306 Quam
1245 3271 1275 3277 -

135 3321 277 3375 Comicitur
297 3351 325 3358 —
349 3319 477 3373 Fratrem
496 3320 652 3374 -Ille-
673 3319 825 3373 Hieeliuiti
843 3350 876 3358 —
896 3318 1026 3371 Emit-
1047 3318 1171 3386 Adoptat
1191 3349 1222 3357 -
1244 3320 1277 3371 Is

135 3402 190 3454 illic
209 3430 241 3439 —
265 3400 457 3469 Caribaqiuem
476 3431 507 3438 -
531 3399 585 3468 Qui
603 3400 706 3452 dederit
730 3431 761 3438 -
786 3398 838 3453 Sed
861 3399 954 3452 illi-
976 3399 1073 3451 Altera
1090 3399 1275 3467 quinqueremis

135 3511 164 3519 —
186 3480 212 3532 A
231 3480 391 3550 maqaribus
410 3510 444 3519 —
462 3480 489 3532 A
507 3481 608 3533 sommis
627 3510 659 3517 —
680 3479 734 3533 Est
750 3481 827 3533 bama
847 3511 878 3518 —
906 3479 956 3532 Vos
975 3483 1026 3531 met
1045 3507 1076 3515 -
1099 3477 1152 3531 Oui
1171 3480 1224 3532 lico
1246 3510 1275 3516 —

135 3561 198 3614 Huc
217 3591 249 3624 ÷
270 3559 301 3612 Is
319 3561 408 3613 inillis
430 3592 456 3598 -
479 3560 625 3627 Estlictum
645 3591 677 3599 -
697 3560 791 3629 Neque
808 3576 866 3613 eam
886 3590 917 3596 -
940 3558 999 3627 Quo
1013 3575 1072 3612 mea
1094 3589 1123 3596 -
1148 3557 1229 3611 Volui
1244 3589 1277 3597 —

135 3642 220 3694 Illam
239 3671 272 3678 -
294 3640 348 3709 Qui
366 3641 442 3693 illam
462 3671 494 3680 —
516 3640 622 3693 Marito
642 3670 674 3677 -
696 3641 840 3709 luqressus
864 3669 897 3677 -
922 3639 981 3692 Dat
1000 3669 1033 3677 —
1054 3637 1226 3705 Captaueaut
1246 3669 1278 3676 -

135 3721 181 3775 ltu
199 3751 234 3760 -
253 3720 307 3774 Sed
326 3750 360 3759 -
380 3721 413 3773 Is
431 3721 489 3774 beri
509 3751 540 3759 -
562 3721 640 3773 Idem
658 3719 722 3772 huic
742 3750 772 3757 -
793 3719 894 3772 Ducite
914 3750 945 3757 -
968 3719 1075 3772 Oblitus
1093 3748 1128 3757 —
1148 3717 1226 3769 Filio
1246 3749 1275 3755 —

139 3799 234 3854 Veniet
251 3831 287 3839 -
307 3800 421 3869 Quidem
440 3830 471 3838 -
493 3800 549 3853 Hic
567 3801 615 3867 qui
635 3830 666 3837 —-
687 3798 795 3850 Filium
814 3829 846 3836 —
864 3794 948 3866 Quod
969 3829 999 3837 -
1027 3799 1060 3850 Vt
1079 3815 1127 3850 aas

204 3897 251 3947 epe
270 3910 304 3918 —
323 3880 468 3947 Iuopiosas
488 3911 519 3918 —
542 3880 618 3932 Mihi
636 3879 727 3931 deberi
755 3908 786 3915 —
816 3883 918 3945 tempus
938 3908 970 3916 -
992 3878 1070 3945 Quod
1090 3906 1122 3915 —-
1141 3877 1226 3929 Nurac
1244 3906 1278 3914 -

135 3961 301 4013 Coutriuisti
320 3988 352 3997 -
372 3959 514 4026 Iqmoscere
533 3990 565 3998 —
586 3960 625 4012 Et
644 3975 718 4012 rrurrc
739 3989 769 3996 -
794 3957 832 4011 Ob
849 3987 880 3995 -
897 3958 981 4010 Sitibi
996 3986 1029 3994 —
1045 3959 1150 4009 Auctor
1165 3984 1196 3993 —
1214 3955 1278 4007 Dis·

135 4041 239 4093 solutus
259 4069 291 4078 —
314 4038 388 4107 Quia
412 4070 444 4077 —
472 4040 561 4093 Immo
586 4071 617 4079 -
642 4040 727 4108 Apud
752 4068 783 4076 -
808 4037 936 4090 Senti-out
956 4066 987 4074 -
1008 4034 1129 4088 Leuouis
1148 4064 1179 4071 —
1201 4034 1280 4087 Istuc

135 4148 169 4157 -
190 4120 276 4171 Illius
300 4149 332 4156 —
358 4118 435 4171 Dare
460 4150 491 4157 —
520 4120 577 4172 Dic
595 4151 628 4159 —
648 4120 703 4172 Em
728 4149 759 4157 -
783 4116 888 4171 Locore
907 4146 939 4155 -
963 4115 1049 4168 Tuam
1069 4145 1101 4153 -
1122 4114 1226 4166 Facias
1245 4144 1278 4152 —

135 4199 213 4253 Satis
234 4229 264 4236 —
288 4198 402 4251 Tibi-
423 4198 484 4252 Iam
509 4231 541 4237 -
562 4200 650 4253 Nauit
674 4230 705 4238 -ι
730 4198 829 4251 Nescio
851 4229 886 4236 —
911 4196 945 4249 Vt
963 4197 1000 4248 ad
1023 4225 1058 4233 -
1082 4197 1116 4247 Se
1134 4210 1227 4246 amare
1245 4223 1279 4232 —-

135 4278 279 4332 Preberier
299 4309 330 4316 -
351 4280 527 4346 Accipiet-
551 4279 695 4332 Placet-
717 4279 800 4350 (lucri
825 4307 856 4315 —
881 4276 997 4344 Duplici
1016 4305 1048 4314 —
1070 4275 1160 4327 Habet
1178 4303 1209 4311 -
1231 4274 1281 4325 Ita

135 4357 275 4411 -Immo
296 4388 328 4397 -
347 4359 453 4413 Rudest
476 4390 508 4398 —
534 4360 703 4426 Aphrodisia
725 4390 756 4397 —
777 4358 930 4410 Munditiis
948 4387 984 4395 —
1002 4355 1139 4408 Abeamus
1159 4385 1191 4393 —
1211 4352 1279 4405 Fal-

135 4438 232 4493 latiam
255 4469 288 4476 —
318 4439 382 4492 Tibi
405 4471 437 4477 -
462 4439 539 4492 Huic
563 4469 595 4476 -
621 4439 721 4505 Itaque
740 4468 772 4477 —
792 4439 939 4492 Ballistast
959 4466 990 4474 -
1011 4436 1115 4489 Sed-
1136 4434 1226 4486 Erum
1247 4464 1278 4472 -

135 4519 213 4573 Siuis
231 4549 264 4557 -
283 4519 339 4572 Em
358 4549 390 4558 —-
412 4518 479 4571 Cum
497 4520 546 4571 boc

207 4600 289 4668 eqotii
310 4630 340 4636 —
361 4599 436 4652 Nam
455 4630 487 4638 —
508 4599 602 4665 Neque
621 4628 653 4635 —
674 4597 796 4650 Societas
815 4628 847 4636 -
863 4598 907 4651 Ab
927 4613 1031 4650 aurora
1050 4626 1083 4634 —-
1102 4594 1151 4649 Ec
1170 4626 1203 4633 —
1223 4594 1279 4648 La-

135 4680 202 4734 uari
221 4711 254 4718 -
274 4678 314 4731 Et
328 4696 387 4732 uua
406 4710 437 4718 —
459 4680 566 4732 Eae-
587 4676 703 4744 Operam
717 4708 750 4715 —
765 4677 900 4746 Apaqesis
914 4707 946 4716 -
963 4676 1098 4729 Maxumo
1114 4706 1145 4714 -
1162 4675 1280 4743 Diesque

135 4790 168 4799 ..
191 4758 330 4813 Postremo
351 4790 382 4798 -
403 4759 496 4827 Neque
511 4774 638 4825 umquam
657 4786 690 4795 -
709 4757 783 4809 Nam
803 4787 835 4794 —
857 4756 951 4809 Miror
967 4786 998 4821 7-
1014 4754 1054 4809 Et
1067 4756 1158 4821 faceta
1173 4788 1205 4796 —
1227 4757 1280 4809 Via·

135 4869 169 4879 -
191 4838 294 4891 Tarrrem
314 4869 345 4877 -
366 4838 464 4891 Niuu'a
487 4870 512 4876 —
536 4837 619 4891 Soror
644 4867 676 4875 -
701 4835 769 4889 Esse
793 4866 825 4874 -
851 4837 934 4905 Aqua
953 4865 986 4874 -
1006 4835 1072 4888 Nou
1090 4837 1159 4890 uelis
1177 4867 1210 4878 —
1231 4838 1279 4889 Iu·
