2910 5528
643 599 847 655 euasurum
1258 626 1318 671 m

170 763 249 829 dare
265 764 445 828 maluerim.
477 761 552 827 Non
567 765 651 852 enim
668 765 759 845 potui
775 786 794 827 a
809 785 859 827 me
875 765 1059 849 impetrare,
1073 769 1109 829 ut
1123 765 1157 829 in
1172 765 1318 832 chartam

168 871 363 954 conicerem,
377 870 494 955 quibus
507 869 576 953 ipse
587 891 651 934 non
662 868 870 954 adiungerem
881 870 986 953 fidem,
996 893 1054 935 nec
1064 872 1177 936 ceteris
1188 874 1318 938 omissis

168 998 278 1061 pauca
293 978 357 1061 illa,
371 998 453 1061 quae
467 975 607 1061 perspici
621 979 767 1058 possunt,
783 975 944 1041 disiuncta
959 1000 978 1040 a
993 978 1123 1044 conexis
1138 1002 1318 1064 proponere

161 1084 248 1147 utile
264 1083 454 1147 existimavi.
496 1080 605 1147 Satius
624 1082 730 1145 visum
749 1086 798 1146 est
811 1082 857 1147 ibi
872 1087 1008 1167 tantum,
1027 1085 1083 1149 ubi
1098 1086 1317 1168 probabiliora

160 1190 279 1255 afferri
297 1194 444 1274 possunt,
465 1193 656 1272 monstrare,
678 1190 839 1273 quomodo
858 1191 925 1254 fere
940 1190 1061 1254 Punica
1081 1212 1115 1255 se
1134 1191 1315 1257 habuerint.

261 1296 424 1380 Ampliori
443 1297 684 1378 commentario,
703 1297 771 1360 sine
791 1318 854 1380 quo
874 1296 953 1360 talia
967 1297 1134 1361 doctorum
1148 1297 1315 1364 hominum

160 1403 306 1468 arbitria
328 1424 510 1488 proponere
533 1402 585 1466 vix
610 1401 692 1485 licet,
715 1424 774 1485 pro
798 1402 922 1466 ratione
940 1402 1036 1466 huius
1056 1403 1206 1469 editionis
1226 1407 1315 1471 locus

158 1532 232 1574 non
261 1513 321 1574 est.
372 1508 416 1572 At
443 1531 551 1572 meum
580 1529 649 1571 esse
673 1509 784 1591 putavi
807 1509 995 1573 brevissime
1018 1509 1170 1593 indicare,
1193 1513 1244 1576 cui
1267 1513 1314 1577 in·

159 1615 295 1682 ventori
318 1615 509 1697 debeantur,
532 1636 613 1699 quaa
636 1615 857 1698 praetulerim,
880 1614 912 1678 id
935 1615 1021 1698 quod
1044 1616 1092 1680 ita
1114 1618 1257 1703 institui,
1280 1623 1316 1684 ut

162 1720 253 1787 inter
273 1723 399 1787 lunulas
418 1721 660 1807 praemitterem
678 1743 789 1785 eorum
809 1721 951 1804 nomina,
970 1721 1086 1805 quibus
1101 1724 1214 1807 primis
1229 1725 1313 1791 idem

163 1829 361 1920 vocabulum
379 1849 439 1892 nec
457 1832 567 1892 tamen
587 1827 699 1891 eadem
719 1828 868 1892 vocabuli
887 1828 992 1892 forma
1011 1829 1045 1892 in
1059 1833 1200 1895 mentem
1215 1833 1313 1898 venit.

164 1934 276 2000 Pauca
298 1939 408 2000 tamen
431 1934 542 2017 adieci,
570 1934 686 2017 quibus
712 1955 794 2017 quae
817 1935 955 1999 sentiam
980 1934 1018 1998 de
1041 1937 1206 2002 nonnullis
1231 1939 1311 2004 locis

168 2044 277 2108 minus
302 2042 398 2107 certis
422 2038 671 2125 significarem''.

260 2148 379 2213 Mirum
403 2148 567 2213 fortunam
590 2147 669 2211 haec
692 2147 803 2211 fabula
825 2170 925 2230 passa
947 2152 998 2212 est
1020 2150 1138 2233 quippe
1157 2151 1246 2215 cuius
1264 2155 1315 2216 tot

166 2258 233 2322 sint
261 2254 400 2340 vestigia
428 2254 563 2337 duplicis
592 2254 803 2336 recensionis,
835 2259 871 2317 ut
903 2255 973 2318 fieri
1005 2277 1071 2320 non
1104 2257 1208 2338 possit
1235 2258 1313 2340 quin

169 2363 284 2447 cupide
308 2364 529 2444 exspectemus
554 2361 695 2424 diversas
720 2382 799 2444 quas
823 2383 908 2425 nunc
932 2361 1084 2425 adhibere
1108 2362 1236 2446 quidem
1262 2386 1312 2429 vo

165 2470 240 2534 lunt
263 2468 358 2532 huius
377 2467 504 2551 generis
523 2466 711 2552 expediendi
731 2468 918 2552 rationes.*)
956 2467 1077 2532 Verum
1096 2472 1205 2533 tamen
1220 2492 1311 2553 prae-

169 2580 258 2641 stare
281 2574 476 2658 putavimus,
500 2575 609 2638 omnis
629 2595 710 2657 quae
730 2574 769 2636 de
789 2574 849 2638 hac
867 2574 1108 2639 readuotanda
1128 2575 1312 2640 viderentur

164 2681 337 2766 apparatui
363 2682 516 2761 inserere3
550 2680 583 2742 in
611 2681 682 2764 ipso
711 2685 863 2745 contextu
891 2681 973 2744 nihil
1006 2681 1216 2763 mutavimus,
1247 2682 1312 2746 nisi

164 2788 251 2873 quod
275 2786 387 2870 paucis
412 2786 603 2871 quibusdam
622 2786 701 2851 locis
722 2785 885 2850 diasceues
904 2787 1056 2871 reliquias
1077 2788 1310 2852 sententiarum

162 2915 281 2958 nexum
301 2914 433 2976 prorsus
452 2894 621 2956 turbantes
640 2892 765 2956 uncinis
784 2892 931 2956 rotundis
952 2893 1158 2957 inclusimus:
1178 2894 1311 2958 uncinos

162 3000 340 3086 quadratos
364 3000 404 3063 ad
429 2998 687 3082 interpolationis
712 3000 801 3062 varia
824 3021 944 3084 genera
962 3000 1122 3082 pertinere
1142 2999 1310 3066 voluimus.

161 3105 418 3172 Retractationis
446 3105 573 3190 insigne
602 3106 829 3169 documentum
858 3107 957 3170 etiam
987 3129 1016 3171 v.
1044 3107 1230 3172 350-400
1259 3130 1310 3172 ex·

160 3213 287 3295 hibent,
315 3211 352 3276 de
381 3213 497 3297 quibus
527 3213 675 3276 similiter
702 3213 881 3277 iudicamus
911 3218 1007 3296 atque
1036 3213 1230 3279 Schuethius
1260 3215 1310 3279 ‘de

159 3318 263 3385 Pocn.
287 3317 391 3382 Plaut
415 3320 619 3403 quaestiones
643 3319 783 3383 criticee'
808 3320 869 3405 (ed.
894 3319 1026 3384 Bonnae
1051 3343 1077 3384 a.
1104 3320 1217 3405 1883):
1246 3344 1309 3405 quo

159 3426 276 3492 libello
304 3425 337 3489 in
366 3427 467 3489 altera
496 3429 622 3489 tantum
651 3426 779 3490 fabulae
808 3431 900 3510 parte
930 3427 976 3490 uti
1001 3427 1174 3508 potuimus.
1220 3426 1309 3491 ldem

159 3531 334 3597 dicendum
358 3530 395 3594 de
415 3530 605 3616 Langrehrii
625 3532 736 3595 libello
762 3532 954 3597 scholastico
980 3533 1090 3596 eodeni
1111 3532 1310 3615 concedite,

159 3662 229 3725 quo
252 3637 303 3701 ‘de
326 3636 435 3701 Plauti
460 3637 614 3701 Poenulo'
639 3637 824 3721 disputavit.
867 3638 1012 3722 Ussingii
1037 3638 1173 3720 denique
1198 3638 1309 3701 editio-

158 3767 239 3812 nem
266 3743 385 3808 indea
416 3767 442 3808 v.
468 3744 531 3808 389
556 3745 787 3825 consuluimus,
816 3745 934 3825 partim
962 3744 1102 3826 plagulis
1130 3744 1309 3805 inserentes

159 3872 247 3938 quae
271 3852 503 3933 inveneramus,
527 3850 644 3932 partim
669 3849 792 3913 schedis
818 3848 1011 3932 typothetae
1038 3847 1210 3910 tradendis.
1248 3845 1308 3911 His

159 3963 270 4023 autem
305 3957 395 4021 libris
432 3955 506 4020 dum
541 3957 689 4040 plagulas
723 3957 914 4040 corrigimus
952 3954 1045 4018 editis
1078 3952 1225 4016 effectum
1259 3958 1309 4016 est

160 4070 201 4131 ut
234 4064 430 4127 abiceremus
468 4063 639 4127 consilium
671 4062 755 4146 quod
789 4062 880 4126 initio
909 4081 1095 4145 ceperamus
1124 4063 1227 4122 totam
1260 4080 1307 4121 re·

156 4169 366 4235 troctationis
386 4170 607 4252 quaestionem
623 4170 734 4250 paucis
749 4169 913 4252 persequi:
937 4165 1127 4248 ampliorem
1141 4187 1225 4229 nunc
1240 4164 1306 4248 qui-

157 4276 238 4341 dem
262 4276 330 4340 fore
355 4274 540 4358 disputandi
564 4275 730 4339 materiem
754 4297 849 4357 quam
875 4295 931 4356 pro
952 4271 1163 4356 praefationis
1183 4271 1307 4335 ambitu

158 4383 262 4448 facile
284 4382 515 4464 perspeximus.
547 4376 673 4462 'ltaque
702 4381 782 4443 satis
810 4380 956 4443 duximus
989 4379 1142 4442 lectorem
1170 4379 1209 4443 dc
1238 4379 1305 4442 illis

234 4556 259 4623 *)
279 4557 395 4624 Spectat
417 4554 471 4607 huo
495 4571 538 4608 res
563 4571 646 4622 quam
670 4552 800 4606 Goctzius
824 4553 985 4620 persecutus
1009 4555 1052 4606 est
1075 4552 1104 4605 in
1127 4551 1218 4607 indica
1242 4555 1307 4611 lect

152 4639 230 4693 aest.
253 4635 361 4690 lenensi
383 4652 408 4688 a.
430 4639 510 4689 1883:
536 4651 607 4703 quae
627 4630 826 4687 commentatio
850 4650 884 4687 eo
902 4637 1027 4702 ternpore
1046 4649 1101 4699 quo
1120 4631 1229 4702 primae
1248 4635 1307 4703 pla-

152 4718 244 4790 gulae
264 4716 339 4784 typis
359 4714 587 4769 describebantur
606 4714 727 4768 nondum
747 4713 851 4782 scripta
870 4717 937 4768 erat.

1056 4799 1094 4853 bt
