2910 5528
151 336 215 399 158
598 360 602 370 -
627 328 811 382 rreuuurx
1137 304 1265 385 'ere-roo

150 493 330 548 Ambrosiani
352 493 541 546 auctoritatem
563 491 680 544 deserere
697 488 795 542 noluit.
833 487 876 554 (If.
894 485 1059 557 Spengelius
1075 487 1094 542 l.
1106 503 1128 543 s.
1140 504 1162 543 s.
1177 506 1207 558 p.
1217 494 1266 544 ue.

151 574 193 628 De
220 579 278 627 tota
303 589 403 627 eeaena
430 571 613 628 dubitationes
640 569 723 622 morit
748 567 874 622 aeneiae
897 567 958 621 Aa.
981 583 1035 622 soe.
1056 568 1126 638 pou
1149 568 1220 637 Lips.
1237 567 1270 623 VI

146 670 176 721 p.
195 656 251 706 300
260 668 313 721 sqq.
353 649 395 716 Of.
415 649 563 718 Lanpenus
582 648 660 701 Stud.
683 647 727 700 Pl.
743 665 773 716 p.
792 651 854 701 176.

240 738 300 785 673.
321 728 504 783 adiutabilem
528 745 589 782 eunt
613 725 706 781 Oolsro
730 726 760 778 Ἠ
778 727 963 795 probantibus
986 726 1123 783 Lorensio
1140 728 1269 798 Bsiaioqu

151 813 187 866 ad
208 813 272 865 Mil.
291 811 359 881 plor.
378 827 403 863 o.
424 813 502 874 1144,
522 809 557 862 al.
579 839 609 846 —
638 807 666 858 V.
688 810 740 860 616
759 805 833 860 idem
853 809 882 861 et
899 805 929 858 u
947 823 1010 861 cunr
1026 808 1102 877 sulp.

240 895 300 942 676.
320 887 368 941 ubi
392 892 538 956 argentum
563 887 615 938 hoo
633 884 759 939 Bolbius.
796 885 845 940 ubi
867 886 904 940 ab
926 885 977 941 illo
1001 890 1152 956 *gentum
1169 886 1205 940 Β.
1232 884 1270 939 ubi

151 970 297 1039 surgentum
316 967 352 1020 ab
372 968 424 1021 hoe
443 967 497 1033 des.
514 966 665 1019 Muellerus
681 982 709 1032 p.
724 968 791 1031 291,
810 964 938 1019 Klateius
949 983 979 1035 p.
993 970 1039 1021 76.
1068 968 1114 1022 De
1126 966 1190 1022 cubi
1200 967 1271 1020 meio

150 1066 203 1118 quo
218 1053 301 1117 paeto
320 1049 420 1116 capital
439 1046 575 1116 Berpleius
595 1044 705 1099 ‘Beitn’
722 1061 752 1112 p.
772 1049 833 1099 119.

240 1132 300 1180 680.
320 1126 367 1179 Ad
381 1125 520 1194 protinam
534 1125 569 1190 cf.
581 1124 729 1192 Langenus
743 1122 852 1178 ‘Beitr’
860 1142 891 1194 p.
903 1128 965 1179 164.
976 1155 1009 1164 -
1019 1127 1165 1194 permutes
1178 1124 1272 1179 domum

158 1208 247 1273 Vallo,
262 1206 425 1270 Saracenas,
439 1205 564 1273 perhibes
574 1205 686 1257 domum
698 1202 727 1256 Β
737 1206 782 1272 (ao
790 1205 855 1258 dein
865 1203 965 1258 Moneo
975 1205 1030 1273 te):
1044 1211 1076 1258 ut
1086 1206 1123 1272 of.
1139 1205 1276 1274 vairpan

151 1293 176 1341 et
194 1288 264 1341 adde
282 1303 306 1340 v.
325 1289 394 1340 222.

240 1371 300 1419 682.
321 1381 390 1419 uoee
415 1365 545 1434 ‘spectare
567 1366 605 1418 ad
629 1362 709 1417 uoeei
731 1361 907 1431 seripturam’
928 1363 1050 1430 putabat
1074 1362 1105 1416 B
1126 1364 1278 1435 ampliusque

152 1447 219 1499 adeo
240 1446 424 1515 argutabatur
442 1445 578 1514 Berpbius
598 1443 709 1497 ‘Beitn’
728 1459 757 1510 p.
777 1447 848 1496 162.-
872 1443 944 1511 quod
965 1443 1066 1497 5611οω
1089 1445 1197 1513 (puoso
1215 1460 1277 1512 pron

153 1528 247 1581 serlone
261 1525 397 1594 peperisse
414 1525 530 1578 ridetur.
547 1554 578 1562 -
601 1523 672 1576 Mox
691 1520 849 1575 SATVRIO
869 1523 903 1576 ab
922 1523 1103 1591 inscriptione
1121 1539 1229 1578 scamas
1243 1539 1278 1577 st·

151 1606 232 1660 clusit
246 1606 409 1667 Saracenas,
428 1603 583 1657 addendim
601 1602 682 1656 duxit
697 1602 727 1656 it
741 1607 854 1670 propter
872 1619 896 1656 o.
913 1604 980 1670 (710
989 1618 1027 1671 sq.
1042 1606 1078 1670 et)
1094 1607 1152 1658 725
1161 1619 1213 1673 sqq.
1229 1602 1277 1671 (sbi

152 1687 232 1751 side).
270 1685 312 1750 Cf.
331 1684 450 1736 Baierns
465 1700 494 1751 p.
517 1687 615 1751 libsq.

242 1769 302 1817 683.
321 1762 436 1817 Probati
455 1761 565 1828 argenti
584 1763 631 1816 hio
647 1761 781 1831 (taynus,
799 1761 927 1828 Weieius,
941 1761 1128 1828 {isendiy'lsius
1140 1780 1168 1832 p.
1182 1767 1223 1816 41.
1245 1760 1279 1827 Ol.

153 1845 190 1898 ad
208 1860 232 1899 v.
252 1848 316 1898 626.
337 1873 368 1882 —
389 1842 456 1896 Post
475 1841 566 1895 minue
584 1843 699 1910 prorius
717 1843 779 1896 dist.
799 1841 836 1896 Il.

242 1927 301 1977 684.
321 1922 426 1974 minuet
444 1922 601 1975 dubitanter
621 1920 771 1975 Muellerus
786 1940 815 1991 p.
834 1926 898 1977 305.
913 1952 947 1962 -
967 1921 1035 1992 quid
1055 1922 1082 1977 ei
1100 1923 1208 1977 nummi
1223 1922 1280 1976 fiunt

152 2005 208 2069 fuit
231 2005 278 2057 eui
298 2003 423 2070 placeret.
461 2000 527 2069 quid
551 2000 577 2053 ei
601 2002 651 2067 (sel
674 2001 725 2071 eis)
743 2002 866 2056 nummis
884 2003 985 2056 uolunt
1002 2003 1033 2056 st
1054 2002 1154 2072 Opuso.
1169 2003 1235 2072 pbel.
1252 2001 1282 2054 II

150 2101 179 2151 p.
200 2088 252 2136 651
263 2099 315 2151 sq:
334 2081 554 2147 elsRibbeoliue
572 2081 677 2134 Annal.
693 2082 763 2148 pln‘l.
783 2082 943 2135 LXXVII
956 2101 987 2151 p.
1007 2087 1073 2137 180.

134 2186 136 2193 ·
241 2167 301 2214 085.
321 2163 393 2214 haue
411 2159 503 2232 (aut)
522 2176 613 2214 emere
633 2164 683 2214 aut
700 2159 792 2215 iacere
811 2166 843 2215 ut
861 2161 901 2216 S.
929 2163 1002 2216 hune
1021 2178 1117 2216 emere
1135 2163 1186 2216 aut
1201 2161 1280 2215 faeere

152 2241 257 2314 (eom)
279 2246 311 2295 ut
330 2240 529 2294 Fleckeisenns.
550 2269 584 2278 -
603 2243 635 2293 ut
657 2240 806 2307 remigaret
826 2243 901 2295 codd.
921 2242 1046 2311 Pyladis.
1084 2244 1119 2295 ut
1136 2241 1282 2309 remmigret

154 2323 335 2376 Solrneiderus
357 2338 469 2391 panon.
494 2321 540 2373 lat.
561 2321 582 2372 Ι
599 2336 625 2386 p.
646 2323 700 2374 592
718 2321 786 2375 duee
803 2321 942 2389 Acidalio.
978 2321 1051 2375 Mora
1073 2320 1145 2375 satie
1167 2317 1280 2375 eseeell

152 2418 213 2455 eum
228 2403 264 2468 A,
283 2402 331 2454 ubi
349 2402 463 2454 altem
480 2401 597 2465 [orntum
612 2399 745 2453 Plautum
760 2401 901 2467 praeferre
914 2401 1002 2454 uideri
1013 2402 1124 2455 monuit
1138 2401 1280 2471 Seyffertus.

243 2488 340 2548 bilsq.
361 2480 417 2533 Pro
441 2479 514 2532 hune
538 2479 693 2533 saracenus
716 2480 800 2544 haue,
824 2479 947 2549 Guyetus
973 2479 1039 2546 hoe,
1065 2479 1202 2535 &aaa
1224 2479 1282 2532 hue:

155 2569 236 2632 atque
253 2564 293 2615 sie
307 2559 346 2625 R,
365 2576 425 2613 curn
440 2559 466 2611 A
485 2565 516 2612 nt
534 2560 603 2612 eid:
622 2565 651 2612 at
670 2560 704 2624 ef.
718 2559 843 2613 Baebius
861 2560 891 2612 in
910 2559 1029 2613 Student.
1045 2559 1128 2614 Stud.
1142 2560 1182 2613 II
1192 2576 1222 2628 p.
1231 2560 1281 2612 149.

156 2645 225 2696 Mon·
244 2642 293 2694 fiat
306 2639 448 2693 Donousa
466 2640 545 2692 etiam
566 2639 720 2692 Saracenus
738 2639 836 2693 tribuit
854 2640 889 2705 (et
904 2638 1116 2692 Sraaatsnom
1130 2639 1234 2707 Ecquid
1246 2653 1281 2691 me

156 2722 265 2788 uoltis),
291 2720 400 2773 Taurea
417 2735 478 2774 nero
503 2720 573 2772 Piae
597 2723 632 2786 (et
654 2718 817 2773 Serreion!
837 2735 882 2772 me
904 2719 1016 2786 uoltie):
1041 2726 1139 2774 eontra
1162 2734 1225 2773 uero
1243 2718 1281 2771 fiet

159 2802 297 2855 Doaoeao
320 2800 468 2852 Acidaliae
486 2800 621 2866 probante
644 2797 672 2850 'It
696 2804 721 2852 et
743 2798 875 2869 Lanpeno
900 2798 1011 2852 ‘Beira’
1033 2816 1063 2867 p.
1083 2803 1139 2854 116
1161 2801 1229 2867 (oum
1247 2801 1282 2862 A),

155 2882 292 2946 refutante
310 2879 413 2931 Brixia
432 2880 535 2931 Arenal.
552 2879 620 2946 plril.
642 2876 789 2931 CXXIII
799 2895 830 2946 p.
850 2884 895 2932 50.
907 2909 941 2917 -
954 2877 985 2931 V.
999 2883 1052 2932 694
1071 2877 1209 2932 Mandata
1225 2891 1283 2944 quse

156 2960 221 3012 sunt
241 2959 357 3012 Oolerus

243 3043 302 3091 696.
323 3038 364 3090 uti
384 3038 424 3090 bie
443 3053 512 3091 corr.
531 3043 556 3091 et
575 3054 627 3105 ego
643 3042 705 3106 post
723 3035 862 3104 requiram
878 3038 941 3091 troi.
957 3039 1085 3102 Botlrius,
1104 3052 1221 3107 pergere
1233 3040 1283 3090 ants

154 3119 219 3172 uolo
242 3118 332 3184 sreppl.
357 3117 476 3185 Pylades
500 3117 546 3185 (ef.
566 3119 603 3170 ad
620 3135 644 3172 a.
664 3119 744 3184 697),
768 3122 832 3184 post
855 3117 919 3171 uolo
943 3118 1105 3184 Acidaliae,
1133 3118 1184 3171 ubi
1210 3117 1284 3169 uisere

160 3198 316 3267 l'eeinpius,
335 3196 410 3250 adire
428 3201 489 3264 post
508 3195 648 3264 requiram
668 3197 858 3262 Herrnonnus,
881 3197 948 3251 dure
967 3213 1082 3265 operam
1102 3203 1167 3251 ante
1185 3192 1284 3250 uolo'll

156 3280 191 3344 (et
215 3279 244 3330 et
265 3294 316 3344 pro
340 3277 423 3343 utque
445 3276 565 3344 ‘quando
587 3278 671 3343 atque
689 3279 722 3330 ut
741 3275 876 3331 redimam
895 3293 1009 3346 operam
1029 3276 1096 3330 dure
1116 3275 1182 3331 uolo
1196 3290 1285 3345 parua

152 3356 285 3425 elepans':
303 3356 338 3421 ef.
359 3355 508 3424 Seyffertus
528 3355 605 3423 ‘plril
623 3356 748 3410 tissone)
764 3375 790 3410 o.
806 3362 880 3411 1885
890 3374 920 3426 p.
933 3360 1009 3424 997),
1026 3357 1077 3411 ubi
1091 3355 1146 3409 niti
1160 3356 1287 3410 Prausius

152 3437 184 3489 in
208 3438 271 3491 tlres.
290 3437 425 3490 disentat.
445 3437 477 3489 de
496 3443 580 3483 ΠΡΙΝ
594 3437 695 3503 partie.
719 3438 758 3490 ed.
782 3436 850 3490 Hal.
870 3454 895 3490 a.
915 3441 989 3490 1676
1008 3437 1082 3502 add,
1101 3453 1158 3490 nou
1182 3438 1287 3503 offensus

152 3516 289 3570 redimium
308 3516 361 3570 niti
380 3520 499 3569 accentu.

244 3602 304 3648 697.
324 3593 395 3647 Volo
414 3595 446 3647 in
464 3595 537 3647 leuno
555 3612 578 3648 o.
594 3595 721 3649 adtribuit
737 3597 855 3651 Weisius
868 3612 984 3665 pergere
997 3598 1029 3650 in
1042 3597 1099 3663 fine
1110 3596 1289 3665 praecedentis

154 3675 254 3729 relicto.
275 3706 305 3713 —
326 3691 400 3727 nune
414 3677 479 3741 post
499 3688 543 3726 me
562 3676 652 3742 suppl.
672 3674 852 3730 Hermannus
872 3676 970 3745 Opuse.
989 3675 1076 3728 VIII
1090 3693 1122 3744 p.
1136 3681 1194 3729 440
1203 3694 1240 3746 sq.
1256 3692 1290 3729 re

152 3756 267 3822 cipierrte
290 3754 333 3820 It,
363 3754 411 3821 qui
434 3753 557 3806 addidit:
582 3753 934 3815 ‘euquurmurouuuu—
957 3756 1039 3809 etiarn
1062 3760 1103 3809 A.-
1131 3760 1291 3825 quapropter

152 3835 230 3887 nolui
253 3839 316 3886 arcte
340 3835 371 3885 tu
395 3833 435 3886 oel
457 3831 485 3884 id
509 3833 550 3885 vel
573 3833 625 3885 hoo
646 3835 686 3887 sel
704 3852 778 3888 nuno
796 3837 911 3889 inserere
930 3836 969 3889 oel
987 3850 1022 3887 ne
1040 3852 1104 3889 eunt
1123 3835 1292 3892 Fleckeisen

153 3914 290 3980 Plrilolopi
308 3913 346 3965 II
357 3928 387 3979 p.
407 3918 445 3965 80
463 3913 504 3966 orl
522 3913 582 3964 tute
601 3929 645 3965 me
663 3916 778 3970 seribere
798 3933 860 3970 oum
877 3916 993 3981 Bouto,
1016 3917 1064 3983 qui
1088 3915 1294 3971 commeministi

151 4009 246 4059 nuper.
279 3991 309 4043 id
329 3991 403 4044 haud
422 3992 478 4057 suit
497 3993 545 4060 qui
558 3995 732 4061 proponeret’
749 3997 883 4064 probante
897 3995 1008 4050 Klotzio
1025 4012 1052 4063 p.
1069 4001 1135 4051 178.
1163 3998 1210 4052 De
1227 4014 1293 4052 eom-

154 4070 328 4124 monefeeieti
343 4074 444 4138 eopilat
456 4072 608 4125 IlInellerus
620 4090 648 4139 p.
660 4078 722 4128 534.
742 4076 789 4128 Ad
799 4073 996 4128 commonuisti
1007 4075 1158 4131 commode
1167 4080 1205 4143 es.
1215 4078 1295 4146 prael.

242 4157 301 4204 700.
323 4151 403 4204 ‘Post
423 4151 473 4205 Do,
494 4151 572 4216 Quod
600 4153 715 4207 esttibi
734 4171 834 4208 nomen
853 4156 1000 4209 sententiae
1017 4154 1086 4223 (non
1105 4173 1176 4213 sane
1195 4159 1295 4221 litteris}

151 4231 191 4283 eie
213 4233 281 4284 salio
304 4231 368 4297 ilat:
397 4230 445 4284 SA.
471 4249 573 4286 nomeu
595 4250 665 4300 quor
688 4236 719 4286 tu
743 4233 903 4301 quaeritas?
940 4234 1044 4289 Contra
1063 4236 1145 4305 lonpe
1165 4240 1253 4293 aliurn
1270 4255 1298 4290 aa

154 4307 220 4360 ‘uno
248 4311 331 4362 aeteri
353 4310 453 4363 codiee’
479 4312 633 4366 Lambinus
660 4314 734 4367 leunc
756 4315 887 4368 inseruit:
915 4315 967 4368 D0.
991 4313 1047 4368 Sed
1076 4315 1151 4370 scire
1178 4321 1299 4382 uelimus,

152 4386 227 4453 qaod
246 4388 300 4439 tibi
319 4405 418 4443 nomen
439 4389 506 4445 siet:
525 4410 602 4460 quom
620 4410 634 4447 e
651 4410 700 4448 suo
719 4395 777 4449 cart.
796 4396 876 4448 etiarn
897 4393 1021 4464 Sealiper
1039 4398 1187 4466 aeeripeit.
1224 4400 1298 4469 (lar-n
