2946 5062
634 340 841 400 PRAEFATIO
1272 348 1311 403 xl

160 504 216 591 qui
239 504 388 590 ipsorum
407 503 473 571 01>
495 503 682 572 simillimus
700 505 778 573 fuit:
801 529 865 592 quo
888 507 985 575 facile
1007 510 1210 598 perspicitur,
1234 534 1312 598 quo·

160 614 224 678 ties
252 635 329 679 vere
358 616 516 697 correcta,
544 614 643 679 toties
671 614 737 679 fere
765 615 871 700 magis
900 622 1053 702 corrupta
1075 618 1183 683 Plauti
1211 621 1311 685 verba

162 742 241 786 esse.
285 719 409 786 Verum
433 719 468 784 in
490 719 552 786 hoc
569 741 637 785 non
655 727 859 806 acquiescens
883 723 994 788 eadem
1019 745 1133 790 manus
1157 725 1312 792 alienon

162 849 279 912 pauca,
308 832 342 893 et
364 827 445 892 haec
467 848 597 912 quoque
626 829 748 912 partim
771 830 890 894 vitiosa
912 830 1033 914 partim
1056 852 1123 896 non
1146 831 1311 898 intellecta

162 935 386 1020 integerrima,
415 933 507 999 nullo
535 934 682 1000 adhibito
714 934 798 1000 libro
822 937 963 1001 mutavit
986 937 1145 1002 arbitratu
1170 959 1228 1003 suo
1251 960 1311 1005 nec

163 1064 237 1107 raro
255 1039 486 1106 infelicissime.
524 1040 647 1117 Quibus
667 1041 818 1107 omnibus
836 1045 923 1108 recte
942 1044 1114 1126 pensitatis
1137 1044 1309 1130 intelleges

163 1169 229 1214 non
261 1169 332 1213 esse
360 1146 486 1213 Veteris
514 1147 635 1214 codicis
668 1150 884 1214 correctiones
911 1150 1008 1214 unius
1041 1155 1146 1216 certae
1175 1173 1311 1217 normae

163 1255 234 1339 lege
257 1255 438 1339 generatim
461 1254 650 1340 censendas,
678 1256 734 1321 sed
763 1255 901 1341 singulis
932 1257 966 1320 in
990 1256 1068 1322 locis
1092 1258 1162 1323 sola
1185 1258 1309 1323 ratione

164 1361 242 1426 duce
265 1360 504 1426 aestimandas?

252 1466 404 1534 ‘Omnino
428 1472 535 1533 autem
558 1492 625 1535 non
647 1470 716 1535 sine
739 1470 912 1535 miratione
935 1469 1135 1536 intellectum
1157 1471 1199 1535 iri
1222 1474 1310 1557 puto,

164 1597 261 1660 quam
280 1575 367 1640 male
386 1574 501 1660 habite
517 1575 599 1641 haec
617 1576 733 1642 fabula
755 1599 812 1662 per
830 1577 996 1643 Palatinos
1020 1576 1146 1642 codices
1170 1581 1205 1642 et
1219 1575 1312 1642 Vati·

164 1703 279 1747 canum
307 1681 348 1746 ad
378 1683 540 1748 saeculum
564 1683 626 1748 XV
651 1685 696 1749 sit
718 1688 915 1770 propagate:
944 1706 1022 1769 prae
1045 1685 1135 1750 cuius
1159 1684 1308 1768 deprava-

164 1790 252 1855 tione
266 1787 451 1854 incredibili
471 1790 599 1855 modica
612 1795 662 1855 est
677 1790 860 1856 Trinummi
875 1791 1074 1876 depravatio.
1119 1789 1309 1874 Quanquam

163 1896 213 1960 vel
238 1896 285 1960 sic
312 1895 469 1961 habemus
492 1896 578 1981 quod
607 1898 872 1982 depravationem
903 1898 998 1963 nobie
1021 1898 1221 1983 gratulemur
1243 1919 1310 1962 non

163 2003 299 2068 consilio
317 2003 427 2087 potius
447 2026 544 2089 quam
562 2004 769 2090 neglegentia
787 2005 955 2070 hominum
976 2009 1010 2070 et
1032 2005 1206 2089 iniquitate
1229 2008 1309 2069 tem·

163 2132 278 2194 porum
302 2114 423 2175 natam.
466 2110 512 2175 Et
539 2132 611 2176 cum
638 2111 673 2175 in
697 2112 890 2196 quibusdem
913 2113 1011 2177 rebus
1034 2111 1110 2176 libri
1135 2112 1183 2176 illi
1207 2112 1310 2195 ipsius

164 2218 370 2302 antiquitatis
398 2216 537 2302 vestigia
565 2217 669 2282 multo
699 2240 795 2303 quam
823 2218 857 2283 in
886 2216 1077 2283 Trinummo
1107 2219 1309 2302 constantius

164 2323 337 2405 servarint,
369 2344 433 2407 quo
461 2327 588 2406 praeter
615 2327 721 2388 cetera
749 2325 892 2409 pertinet
906 2329 932 2395 ,t
957 2324 1086 2388 litterae
1115 2346 1191 2389 usus
1219 2326 1254 2388 in
1277 2330 1312 2390 at

163 2436 240 2513 aput
256 2431 297 2511 set
314 2431 341 2494 it
356 2430 424 2511 quit
441 2434 513 2512 quot
526 2433 559 2494 et
573 2432 731 2515 cognatis,
753 2434 823 2495 tum
843 2431 1047 2515 corruptelae
1067 2452 1194 2515 quoque
1213 2432 1310 2516 longe

163 2538 321 2621 plurimae
359 2536 455 2601 certis
493 2538 665 2622 generibus
703 2537 910 2603 continentur
942 2560 1078 2623 quorum
1111 2536 1308 2603 incredibilis

164 2642 355 2727 frequentia
400 2642 429 2707 Ε
452 2644 569 2728 quibus
597 2645 679 2708 mire
707 2644 831 2709 incuria
860 2644 918 2709 illa
940 2643 1141 2730 designanda
1164 2648 1214 2709 est
1237 2667 1310 2730 qua,

164 2755 199 2813 ut
222 2749 379 2833 exemplis
402 2772 471 2813 rem
493 2750 666 2834 declarem,
694 2772 760 2815 non
787 2750 883 2815 modo
913 2752 992 2816 bona
1020 2756 1054 2816 et
1076 2751 1204 2835 bonum,
1227 2754 1312 2834 possi

164 2859 197 2919 et
213 2856 339 2939 possen,
363 2856 419 2920 sed
443 2857 639 2922 etiamtunc
658 2857 829 2940 etboaam,
846 2858 964 2941 possem
987 2862 1020 2922 et
1036 2858 1143 2941 posl'ct,
1167 2859 1311 2924 omnium

164 2969 272 3028 autem
296 2963 488 3029 creberrime
509 2964 595 3048 posse
617 2967 651 3029 et
668 2964 766 3046 posset
788 2985 861 3028 cum
885 2965 1043 3047 parilibus
1067 2966 1218 3030 omnibus
1242 2988 1312 3049 per-

163 3075 260 3153 petuo
288 3070 374 3134 inter
403 3091 436 3134 se
464 3074 701 3154 permutantur:
731 3071 815 3154 quod
845 3071 940 3136 facile
969 3071 1174 3137 existimatur
1198 3074 1311 3156 quanti

164 3178 208 3242 sit
227 3176 267 3240 ad
282 3177 535 3260 colloquentium
551 3199 715 3243 sermones
735 3182 821 3242 recte
837 3177 1026 3244 iudicandos
1041 3179 1311 3264 definiendosque.

165 3283 210 3348 Vt
233 3284 268 3347 in
292 3282 430 3347 Militem
451 3282 638 3348 Plautinum
657 3284 739 3348 illud
759 3284 855 3348 cadat
878 3284 1038 3368 imprimis
1063 3286 1149 3369 quod
1173 3307 1312 3370 magnus

164 3388 309 3476 Scaliger
339 3390 421 3455 dixit
449 3396 567 3457 ostada
596 3393 810 3474 masseritia
839 3393 1035 3474 sterquilinio
1066 3414 1128 3458 esse
1157 3416 1173 3457 c
1202 3394 1313 3476 quibus

164 3498 232 3562 clici
246 3517 475 3580 possederam.
521 3497 613 3574 Quod
633 3502 669 3562 ut
688 3499 836 3563 eliciatur
855 3521 976 3583 reapse,
999 3520 1120 3583 magna
1142 3501 1313 3585 prudentia

165 3627 246 3687 opus
270 3607 321 3668 est
344 3627 409 3689 qua
431 3605 570 3669 mediam
590 3606 677 3670 viam
696 3606 857 3689 quendam
883 3606 1071 3670 insistentes
1094 3629 1152 3671 nec
1175 3607 1311 3671 nimium

165 3732 355 3794 quaeramus
387 3711 422 3775 in
452 3712 564 3777 naevis
598 3713 667 3776 solo
701 3734 778 3777 casu
812 3713 893 3776 ortis
923 3713 1130 3796 quantumvis
1158 3714 1249 3776 miris
1281 3717 1312 3777 et

165 3839 260 3901 saepe
283 3817 485 3901 monstrosis,
508 3839 567 3883 nec
591 3821 627 3881 ut
650 3837 754 3901 nugas
774 3817 936 3901 tricasque
961 3819 1108 3901 quamuis
1133 3818 1312 3882 levidenses

164 3925 348 3990 litterarum
371 3925 604 4009 discrepantias
628 3925 838 4009 neglegamus
868 3924 972 4008 ipsius
1003 3946 1116 3987 manus
1140 3924 1312 3988 Plautinae

163 4031 295 4096 indices.
330 4030 436 4096 Tanta
456 4037 505 4097 est
524 4037 632 4097 autem
652 4053 724 4095 mea
742 4030 904 4096 sententia
922 4029 1055 4093 iamiam
1080 4029 1208 4092 adultae
1232 4032 1311 4095 artis

163 4139 295 4204 criticae
314 4138 364 4202 vis
384 4142 417 4203 et
435 4139 524 4223 fides,
548 4144 584 4203 ut
601 4161 668 4203 non
687 4138 783 4203 nimis
808 4136 953 4201 diffidam
977 4135 1076 4200 etiam
1100 4157 1117 4199 e
1140 4136 1313 4219 corruptis·

162 4245 266 4328 simis,
290 4245 446 4311 siminus
471 4245 639 4329 Plautina,
663 4248 698 4311 at
720 4267 786 4309 non
809 4244 944 4327 indigna
966 4242 1084 4309 Plauto
1108 4248 1206 4326 atque
1233 4243 1312 4310 adeo

162 4352 394 4417 Plautinorum
414 4354 579 4418 simillima
597 4353 665 4418 erui
685 4374 791 4436 posse,
815 4351 909 4415 modo
930 4354 1082 4435 quattuor
1105 4350 1312 4435 potissimum

163 4482 277 4526 rerum
299 4458 483 4526 observatio
503 4460 634 4527 accedat
653 4458 819 4524 acerrima.
864 4457 946 4524 Sunt
969 4462 1075 4522 autem
1100 4479 1156 4521 eae
1179 4457 1312 4542 integri-
