2910 5528
5 37 1069 409 -’ί

532 804 741 865 ΡΒΑΕΙἎΤΙΟ
1144 812 1212 871 m

69 972 189 1057 prcoles
210 973 341 1039 ceteros
358 970 661 1039 commemorsndus
682 974 734 1039 esi
755 970 989 1058 Seyfferlus.
1023 972 1075 1041 Ex
1092 974 1210 1043 borum

68 1077 202 1145 inventis
230 1078 316 1145 mihi
341 1076 550 1147 adsciscenda
567 1078 699 1147 lucrum
725 1080 825 1167 longe
846 1078 1002 1165 plurima,
1023 1080 1142 1167 quibus
1168 1082 1210 1149 ad

68 1184 264 1253 emmdsnds
289 1188 410 1273 poelee
437 1184 538 1251 verbs
563 1192 752 1252 usus‘sum.
791 1183 854 1251 His
880 1184 1010 1253 demum
1039 1186 1153 1273 dicbus
1174 1188 1210 1255 in

68 1314 151 1359 meas
171 1314 293 1359 menne
314 1294 534 1379 pervenerunt
555 1290 751 1359 Theodori
772 1288 927 1378 Hesper
948 1290 1001 1359 ‘ed
1024 1293 1132 1360 Plauti
1148 1294 1210 1361 Mi-

68 1399 156 1467 litem
172 1398 362 1469 Gloriosum
384 1396 595 1485 marginalia’
615 1397 1016 1467 commentationibus
1033 1398 1208 1468 Fleckei-

69 1506 236 1573 senisnis
255 1504 321 1593 (ed.
341 1506 431 1592 Lips.
454 1504 558 1595 1890)
585 1506 709 1573 inseris
734 1504 781 1591 (p.
806 1504 1011 1594 171-186),
1040 1527 1124 1592 quae
1146 1505 1209 1573 boc

69 1612 135 1681 loco
156 1636 345 1703 excerpam:

150 1718 191 1788 V.
214 1722 269 1789 24.
291 1720 366 1789 Nisi
386 1724 501 1789 dnum:
523 1721 652 1809 spilyra
673 1722 732 1787 illa
753 1722 853 1789 estur.
874 1758 919 1769 -
944 1720 1128 1789 187-194.
1150 1720 1209 1787 Di·

70 1850 238 1895 versarum-
257 1828 424 1895 actionnm
450 1827 593 1915 vestigius
613 1828 795 1895 certissima
817 1828 852 1895 in
873 1827 926 1895 bis
949 1848 1021 1894 esee
1042 1825 1234 1913 Hesperus*

70 1938 184 2003 ιοιιιοι.
204 1970 253 1984 -
273 1936 350 2003 217.
372 1933 451 2001 ΤιΊιί
472 1956 535 2022 ego
563 1934 649 2001 dico:
677 1935 906 2003 cdnlheriata's
928 1934 1045 2001 neellel
1072 1955 1123 2000 mc
1146 1934 1210 2001 sois

69 2044 100 2107 le
124 2040 267 2127 soloqui.
287 2078 331 2091 -
354 2042 431 2109 298.
457 2025 582 2109 lterum
607 2042 636 2107 si
664 2041 698 2108 id
725 2046 872 2108 uerdmsl
897 2042 935 2106 lu
962 2041 993 2106 ei
1019 2044 1129 2108 custos
1156 2040 1212 2107 sd·

69 2148 159 2215 dilu's
179 2148 237 2236 qui
259 2170 296 2215 es
317 2148 462 2234 perieris.
487 2184 526 2197 -
551 2146 639 2215 de
661 2167 724 2233 ego
746 2146 782 2213 in
803 2143 925 2233 legalis
948 2169 1036 2232 sum,
1057 2146 1156 2215 illaec
1174 2170 1211 2215 ee

71 2256 179 2341 sudpls
204 2254 351 2341 hospitio
377 2252 447 2321 ecit
473 2254 571 2321 iores.
595 2290 636 2303 -
659 2254 736 2322 360.
757 2252 923 2340 Dispessis
950 2254 1101 2321 manibus
1129 2254 1210 2340 pali·

72 2361 175 2429 bulum
206 2382 308 2448 quom
339 2362 499 2431 edbdduis.
551 2358 611 2429 80.
643 2360 826 2439 Quamnam
858 2361 901 2427 db
932 2360 1028 2428 rem?
1060 2398 1103 2409 -
1134 2362 1211 2430 438.
1294 2404 1303 2425 .

72 2464 239 2553 ’Ἅγλυιιιὶς
261 2490 296 2535 es
317 2472 373 2549 tu,
393 2490 459 2536 non
482 2467 659 2553 yloxsle’e:
682 2467 768 2535 meo'
789 2468 908 2535 iterum
931 2469 1145 2535 commendat.
1168 2504 1209 2517 -

73 2576 140 2643 451.
167 2575 425 2661 Domieiliumsi,
452 2574 593 2642 Athenis
620 2574 736 2641 domus
763 2578 824 2641 est.
869 2572 927 2641 SC.
949 2557 997 2641 dt
1023 2579 1109 2642 erusl
1142 2574 1212 2643 PH.

73 2682 113 2748 At
133 2704 194 2770 ego
216 2683 317 2749 istem
340 2681 481 2748 domum.
504 2718 545 2730 —
570 2682 645 2747 465.
670 2681 733 2758 Qui
761 2683 862 2767 aeque
889 2681 990 2747 faciel
1013 2681 1213 2747 confidenter

73 2788 144 2875 qm‘d
174 2812 274 2875 quam
306 2788 432 2854 faciunt
459 2788 619 2854 mdlieres.
649 2824 687 2835 ·-
720 2788 795 2854 534.
826 2786 1057 2872 ‘complexam'
1085 2792 1214 2875 tutatur

74 2895 242 2982 Hesperus.
262 2932 301 2943 -
321 2892 398 2962 555.
411 2894 556 2960 Eandem
576 2895 771 2980 scripturam
790 2917 887 2980 quam
913 2916 974 2981 ego
999 2895 1105 2978 recepi
1128 2916 1213 2960 com·

74 3002 198 3068 mendel
223 3001 401 3089 Hesperus.
428 3040 466 3050 —
490 3002 566 3069 584.
589 3001 651 3078 Qui
679 3024 720 3067 ne
748 3002 782 3067 id
810 3001 973 3068 adimatur
998 3024 1040 3067 ne
1069 3000 1103 3066 id
1126 3002 1213 3087 quod

76 3110 150 3176 uidit
175 3110 303 3175 uiderit.
335 3146 380 3157 —
412 3109 479 3176 585
506 3113 540 3174 et
567 3108 633 3175 588
662 3109 797 3175 alteriue
824 3131 894 3176 esse
924 3109 1119 3175 recensionis
1143 3108 1214 3174 ruli

75 3215 245 3302 Hesperus.
289 3215 397 3283 Versu
415 3216 480 3283 585
497 3217 535 3282 de
551 3236 600 3282 mc
615 3247 656 3270 ==
670 3217 755 3282 dene
776 3216 839 3282 ioci
862 3238 960 3282 cause
982 3216 1104 3282 dicium
1128 3238 1214 3282 esse:

75 3324 119 3389 cni
137 3323 332 3409 respondere
351 3323 432 3389 illud
449 3325 619 3390 adimitur.
635 3361 673 3371 —
690 3323 764 3389 595.
787 3324 846 3389 Ibo
868 3321 956 3390 intro
978 3345 1019 3388 ne
1043 3323 1088 3388 mi
1111 3324 1214 3388 mulla

75 3430 162 3495 fortis
189 3430 227 3495 ed
256 3430 328 3495 fuet
355 3428 422 3518 (rel
451 3428 614 3516 ‘obfual').
641 3467 679 3478 -
705 3429 780 3496 655.
804 3413 831 3494 O
855 3429 995 3515 lepidum
1029 3426 1214 3497 semideum.

75 3534 111 3600 V.
137 3535 313 3602 651-656
341 3534 427 3600 delet
453 3533 630 3619 Hesperus.
658 3572 700 3581 -
729 3534 803 3600 659.
831 3535 906 3601 'l'd's
933 3536 1068 3621 ‘quidem
1100 3535 1213 3621 edepol

76 3644 125 3728 qui
145 3643 258 3707 omnes
283 3663 389 3707 mores
412 3641 453 3706 ad
476 3642 680 3707 uenuslalem
701 3662 805 3708 uoces.
829 3679 872 3690 -
896 3643 971 3709 676.
994 3647 1080 3708 lesen
1103 3664 1141 3706 ex
1163 3647 1214 3707 sat

75 3749 265 3835 glossemate
293 3752 406 3814 nalum
435 3769 505 3813 esse
533 3752 629 3834 pulei
650 3747 836 3835 Hesperus3
865 3748 897 3813 id
926 3749 1051 3815 duobus
1076 3748 1156 3815 locis
1179 3751 1215 3814 in

75 3860 193 3922 lartum
215 3855 387 3940 irrepsisse
410 3853 575 3943 (comitas).
595 3892 635 3903 -
658 3856 732 3922 747.
755 3857 844 3921 inicit
862 3856 1027 3940 glossema
1050 3877 1119 3920 esse
1142 3856 1215 3921 vuli

74 3960 284 4048 (uoluptatem
303 3959 421 4049 inicit).
442 3998 481 4010 —
504 3962 577 4027 779.
592 3963 726 4047 cupiunt
746 3961 980 4030 conminiscier.
999 3999 1044 4010 -
1063 3963 1136 4028 799.
1150 3963 1214 4029 PE.

75 4070 188 4135 Auidio:
205 4072 217 4155 l
234 4068 285 4135 Ne
301 4091 351 4135 me
372 4068 504 4134 surdum
525 4090 594 4134 esse
610 4069 768 4134 drbiirare
788 4074 885 4156 atque
906 4071 1029 4156 deperis
1048 4071 1113 4136 luis
1136 4072 1214 4136 caue

74 4197 158 4242 meas
184 4177 195 4261 ss
222 4176 320 4242 Adria
353 4176 461 4242 uerbis
493 4177 704 4242 uerberassis.
741 4176 805 4243 PA.
835 4177 870 4243 Si
899 4178 1004 4261 addis,
1033 4198 1094 4262 ego
1118 4177 1215 4242 rectis

73 4284 150 4349 meis
166 4285 178 4369 fl
194 4282 248 4349 Me
270 4283 369 4348 dsbo:
393 4283 452 4348 ebs
467 4305 494 4348 c.
508 4306 538 4368 q.
553 4304 578 4347 s.
598 4319 636 4330 -
657 4284 731 4350 809.
746 4283 840 4351 PAL.
855 4286 949 4371 Rogo
964 4305 1025 4369 ego
1043 4285 1076 4348 ie
1095 4286 1215 4351 tamen.

75 4426 111 4438 -
136 4391 210 4457 824.
232 4388 301 4455 LV.
324 4387 465 4455 Demisil
489 4389 592 4455 ardim
615 4391 648 4454 in
672 4391 864 4475 dmphoram
888 4390 1047 4456 cellarius.
1075 4426 1112 4437 —
1140 4390 1214 4456 843.

72 4519 129 4583 pro
156 4496 270 4562 Luccio
298 4495 418 4562 conicit
444 4496 613 4581 Hesperus
641 4496 757 4581 Volpio.
783 4534 821 4546 -
848 4497 922 4562 878.
945 4495 1029 4560 falsa
1059 4495 1139 4561 haec
1163 4497 1215 4581 sit,

73 4604 340 4689 Periplecdmene.
358 4640 403 4651 —
422 4605 496 4670 883.
518 4603 633 4669 horam
653 4605 820 4670 orationis.
846 4640 884 4650 -
910 4604 984 4670 889.
1008 4603 1139 4670 eaedem
1163 4607 1216 4672 ue

71 4710 144 4776 niet.
169 4746 214 4757 —
242 4709 317 4776 895.
341 4706 408 4775 ΑΟ.
435 4709 522 4775 Mers
553 4711 642 4775 mala
669 4711 833 4796 peioribus
863 4712 1040 4777 conueniet.
1070 4749 1108 4760 -
1140 4713 1214 4780 913.

72 4816 173 4894 Quam
196 4818 265 4882 rem
294 4838 355 4902 ego
385 4813 484 4881 milili
504 4816 615 4884 darem
637 4815 684 4904 (l).
710 4853 750 4864 -
775 4818 850 4884 917.
871 4817 1008 4885 fundere
1037 4841 1074 4885 ac
1097 4820 1214 4886 consii-

71 4927 182 4990 ldleel.
212 4961 250 4971 -
282 4923 358 4990 997.
384 4923 475 4990 Idem
501 4924 707 4992 commendat
733 4924 901 5010 Hesperus
930 4948 1003 4992 cum
1031 4926 1147 4992 Leone.
1171 4963 1213 4973 -
