2910 5528
153 306 216 369 170
628 298 815 356 secenum
1150 306 1260 356 sse-su

151 466 221 520 idem
250 465 347 533 Opnsc.
373 464 442 533 phil.
461 462 521 517 ΙΙΙ
537 479 568 532 p.
593 466 650 517 129
678 460 847 532 (obloquente
873 459 1004 517 uiuum
1029 476 1059 529 p.
1076 463 1129 517 473
1150 460 1265 527 adnset.

148 562 178 613 p.
188 548 254 599 402.
265 548 341 608 400),
350 544 399 597 ubi
405 541 707 612 praeiereaeoluphum
712 538 757 592 -mi
766 538 819 594 icit
823 542 960 610 proponit
967 540 1030 596 cell.
1040 540 1100 595 Ter.
1107 540 1267 610 Adeptus.-

155 624 305 692 colaphum
334 621 418 679 inicit
442 622 579 691 Seeliper,
605 623 638 677 de
664 620 814 689 colaphum
840 618 921 674 ducit
943 621 1069 690 (praeter
1091 620 1205 689 colapho
1223 618 1269 687 icit)

151 703 318 769 Lambinus,
341 704 374 757 de
392 699 536 771 κολαφίζει
558 705 680 770 (praeter
698 700 818 770 colapho
842 714 888 753 me
911 698 973 768 icit)
992 699 1142 756 Acidulius
1157 701 1270 773 capitulini

151 784 296 852 recipiente
313 783 380 852 (heu
399 778 552 852 κολαφίζει)
571 782 680 837 Bctlcio.

242 866 292 916 847
303 879 342 931 sq.
361 864 500 918 Iambices
517 868 616 930 septen.
634 859 820 928 ‘confidenter’
837 860 980 931 diecriprit
993 858 1032 927 R,
1047 862 1083 917 nt
1096 860 1133 915 si
1144 861 1215 917 mistis
1224 877 1272 931 pec

151 940 234 995 uelllt
257 942 393 1009 incipiens
415 943 531 996 alterum
554 940 752 1009 corripentibus
775 938 920 1010 Spenpelie
944 945 971 995 et
994 940 1146 1011 Metellae,
1171 942 1216 1013 qui
1236 940 1273 995 elie

152 1037 236 1090 saepe
260 1020 325 1075 siml
348 1022 459 1076 admisit
478 1039 508 1091 p.
529 1026 582 1076 117
606 1018 954 1090 (impudentissimum),
978 1021 1027 1075 sed
1052 1019 1102 1075 diu
1125 1022 1190 1076 sant
1208 1036 1274 1092 nepe

151 1104 215 1157 trai.
232 1118 262 1170 p.
281 1106 344 1156 418.
364 1106 421 1156 420
444 1117 504 1156 eum
527 1100 556 1153 It
578 1102 653 1168 (item
670 1099 855 1169 Spenpelius),
878 1115 940 1153 cum
962 1097 1032 1155 licet
1057 1099 1105 1156 diu
1128 1116 1208 1172 saepe
1225 1104 1276 1156 emt

152 1183 222 1247 (sine
239 1183 307 1250 iem)
326 1183 430 1237 dederit
444 1181 624 1236 Camerarius.
653 1180 697 1235 De
714 1177 784 1232 lieet
802 1179 915 1243 delude,
932 1180 1074 1251 cupitum
1088 1180 1216 1237 Weieiue:
1227 1184 1276 1251 put

154 1261 222 1314 licet
239 1260 425 1330 dietinyuelat
439 1260 593 1315 Lambinus
610 1261 756 1328 recipiente
770 1257 800 1311 R
818 1275 879 1313 cum
897 1259 978 1314 aliis:
995 1261 1071 1329 qued
1087 1278 1122 1316 ne
1136 1262 1177 1317 rie
1187 1262 1276 1332 ptum

152 1341 301 1395 sentcntiae
318 1341 434 1409 usuique
447 1341 570 1407 sufficere
579 1340 718 1408 perspexit
734 1336 891 1407 Seyffeitm,
908 1354 972 1395 cece
989 1340 1063 1407 (eum
1081 1341 1194 1411 hm)
1207 1356 1274 1411 sepe

151 1425 219 1488 pata
235 1421 319 1474 simul
335 1421 464 1488 proeium
482 1421 582 1475 rectius
600 1419 752 1488 expediens.
768 1450 800 1458 -
816 1418 945 1489 persenit
967 1418 1128 1490 Vesinpius:
1146 1421 1182 1488 cs.
1199 1421 1309 1525 Man·

151 1500 210 1552 sius
233 1498 333 1553 Exere.
357 1516 394 1554 cr.
415 1501 436 1552 1
456 1517 485 1568 p.
504 1504 569 1555 217.
589 1529 622 1538 -
641 1497 764 1565 loqueris
787 1502 819 1553 tu
842 1498 926 1553 etiam
950 1500 993 1554 cel
1015 1500 1133 1569 loquere
1155 1497 1233 1556 etism
1251 1501 1276 1552 le

154 1579 321 1648 Spenpelius.
358 1580 486 1648 loquerin
509 1581 540 1634 tu
563 1579 649 1635 etiem
667 1580 818 1635 Muellerus
836 1595 866 1648 p.
886 1583 940 1634 117
964 1580 1011 1647 (ef.
1036 1582 1076 1635 ad
1096 1597 1123 1634 0.
1141 1584 1216 1647 843).-
1239 1579 1278 1633 m·

153 1659 268 1727 loquere
292 1658 379 1713 etiem
404 1659 564 1728 (ueletiam
587 1659 703 1727 loquere
729 1660 771 1714 uel
799 1659 921 1713 etiamne
949 1659 1077 1729 loquere)
1104 1676 1160 1714 usu
1181 1658 1277 1729 prelari

153 1738 304 1808 Seyffertus
326 1740 523 1794 animadvertit
546 1740 629 1807 (eunde
653 1739 732 1793 Ourc.
753 1742 806 1794 186
827 1740 868 1795 sic
889 1740 1038 1809 dininpuit
1060 1738 1179 1811 pergin?
1199 1738 1276 1805 etiem.

153 1818 284 1886 uerbere,
303 1837 364 1874 cum
382 1819 499 1889 pergin?
517 1820 559 1874 vel
577 1819 678 1888 pergin
697 1822 811 1873 eutem?
829 1820 894 1874 runi
912 1820 1075 1888 cereeeniet).

243 1904 296 1952 849
306 1916 345 1968 eq.
364 1899 441 1953 Intro
459 1901 481 1965 I,
500 1901 618 1968 patrone
636 1898 666 1951 Ἡ
685 1897 821 1966 (Loquere
832 1942 839 1955 .
851 1941 875 1955 ..
889 1899 1277 1970 cenemaempreliendennef.

153 1980 190 2032 ad
208 1996 233 2033 v.
248 1983 323 2047 843).
349 1979 360 2031 Ι
379 1977 454 2033 intro
469 1978 628 2050 Spenpelius
648 1980 709 2046 (del.
728 1979 845 2047 patrone
859 1977 940 2049 mi[!]
959 1980 1129 2035 trocheicum
1142 1981 1276 2050 incipiens).

153 2057 193 2110 Mi
213 2060 344 2128 petrone,
364 2058 374 2112 i
392 2059 465 2112 intro
491 2058 635 2129 Vesinpiue
654 2058 954 2127 (Liquere...amub0
972 2061 1212 2129 unprmendeu).
1243 2058 1277 2125 Of·

154 2137 304 2207 Seyffertus
319 2138 396 2192 Stud.
412 2139 457 2192 Pl.
473 2156 503 2207 p.
519 2142 553 2192 14
567 2139 632 2192 adri.
645 2168 676 2175 -
687 2153 750 2192 mea
768 2137 891 2207 ignauis,
910 2141 942 2192 tu
959 2156 1034 2194 nunc
1052 2158 1099 2196 me
1115 2140 1278 2196 θωιταιιιι.

155 2234 232 2270 mere
250 2216 379 2285 ignauia,
404 2219 435 2271 tu
454 2234 527 2271 nunc
545 2233 590 2270 me
612 2217 745 2286 ‘midam’
767 2219 844 2286 apud
862 2218 1039 2275 Lambinunu
1075 2236 1155 2289 mea,
1174 2224 1204 2276 tu
1218 2235 1278 2273 nme

152 2312 196 2350 me
218 2296 350 2366 Gupetus.
389 2312 451 2351 mee
473 2295 589 2366 ignauia
613 2296 689 2364 (ubl.)
711 2297 743 2349 tu
766 2312 840 2351 nune
863 2314 908 2352 me
927 2299 1116 2356 Bexlcrnius.
1154 2298 1278 2370 ignauiam

153 2393 218 2429 num
238 2393 329 2431 meem
349 2378 381 2430 tu
394 2377 521 2431 Betliius.
549 2392 679 2431 meamne
698 2376 842 2445 ignauiam
861 2379 891 2431 tu
910 2395 984 2433 nunc
1001 2381 1055 2449 (cel
1072 2397 1138 2436 mee
1154 2384 1185 2436 tu
1197 2378 1279 2451 gasni-

152 2461 205 2520 ιιι,
224 2458 255 2511 tu
273 2473 347 2511 nunc
366 2460 422 2526 me)
438 2458 598 2527 dpmpelius
614 2457 699 2523 ‘Rei’
712 2475 742 2526 p.
758 2459 815 2512 302
834 2458 926 2526 (aliter
939 2460 1005 2514 olim
1022 2459 1052 2513 Τ.
1067 2459 1111 2518 M.
1129 2460 1161 2516 P.
1173 2477 1203 2529 p.
1216 2463 1280 2522 1471.-

152 2539 202 2592 ubi
219 2553 277 2592 non
295 2538 479 2593 dubitandum
497 2553 552 2592 esee
569 2538 712 2592 uidebatur
732 2537 896 2607 Ritselielio‚
914 2540 982 2608 quin
999 2541 1137 2609 quaedem
1154 2538 1280 2596 intercide·

154 2621 214 2673 rint
235 2619 282 2690 [cs.
302 2619 339 2672 ad
357 2635 380 2672 c.
403 2621 461 2672 802
479 2623 504 2673 et
521 2618 583 2672 eide
598 2617 701 2688 meet]
718 2620 791 2674 veliet
808 2618 892 2673 talia:

279 2699 343 2752 Mea
366 2697 462 2770 (ego)
484 2696 600 2768 igneuiiu
622 2698 728 2767 (quem
751 2700 779 2752 te
799 2700 828 2752 et
844 2696 926 2753 illem
944 2699 1091 2772 perdidi>
1110 2701 1142 2755 tu
1160 2703 1230 2755 mim
1244 2714 1281 2752 me

737 2776 859 2833 inrides?

241 2863 302 2911 851.
323 2858 396 2923 Quia
418 2872 469 2912 nec
491 2857 545 2923 def.
565 2857 701 2923 Kocliius,
724 2862 755 2912 ut
776 2875 801 2912 0.
820 2864 882 2914 110.
903 2864 965 2914 241.
985 2889 1018 2899 -
1039 2862 1071 2914 ut
1089 2861 1145 2916 tibi
1162 2864 1230 2918 bene
1246 2861 1278 2915 s:

151 2937 185 3002 cs.
210 2937 353 2991 Bentleins
376 2939 405 2990 in
429 2937 488 2991 Ter.
509 2938 574 2992 Hee.
597 2936 659 3003 Ve,
674 2942 725 3001 10,
749 2938 901 2994 Muellerus
913 2955 944 3008 p.
959 2942 1027 2996 221.
1043 2945 1111 3010 370,
1134 2942 1280 3014 δριιιφιὶιιι

152 3015 237 3082 ‘But’
255 3033 285 3084 p.
306 3019 366 3070 143.

241 3102 301 3150 863.
321 3095 394 3149 Male
413 3093 542 3164 disperii:
563 3097 655 3152 sciint
671 3098 823 3154 Muellerus
832 3115 862 3168 p.
879 3104 942 3167 140,
959 3101 1077 3166 fortasse
1090 3109 1168 3159 recte.
1196 3103 1280 3172 Dispe

151 3173 197 3228 riil
217 3174 310 3229 seiiint
330 3174 460 3245 Gupetus

238 3260 353 3325 8elsqq.
375 3256 416 3322 Of.
436 3258 473 3311 ad
491 3274 515 3312 v.
531 3262 585 3312 045
600 3264 625 3314 et
639 3260 700 3314 cide
710 3260 801 3328 praef.
815 3289 845 3299 —
856 3260 912 3315 inm
928 3260 1066 3331 supplici?
1082 3263 1212 3332 Botlsieu,
1231 3264 1283 3319 dein

151 3335 230 3390 uobis
255 3337 345 3391 delens
368 3353 429 3392 cum
451 3337 557 3407 Gupeto
583 3344 608 3393 et
631 3338 704 3392 intro
731 3337 778 3392 abi
796 3342 927 3397 traiciens
945 3348 969 3396 et
987 3339 1077 3410 igitur
1097 3338 1286 3399 inserens'eu·

154 3415 261 3486 Pylade
279 3422 343 3472 ante
361 3416 390 3470 in
410 3433 533 3471 erucem:
552 3419 601 3472 ubi
620 3417 688 3472 See.
708 3417 738 3471 in
757 3434 867 3474 erucem
884 3420 1073 3488 (lemnarius,
1095 3423 1188 3478 ‘mire’
1208 3425 1286 3479 iudice

150 3493 190 3562 il,
210 3499 258 3564 qui
275 3497 341 3551 haec
358 3497 469 3552 Teme
487 3499 659 3553 continuavit
678 3515 738 3553 cum
755 3497 871 3569 Pylade.
887 3530 918 3538 -
935 3516 1007 3555 enne
1026 3502 1074 3557 hic
1089 3520 1191 3572 perum
1208 3504 1285 3560 Cane·

149 3577 245 3630 rarius
258 3578 303 3645 (cs.
319 3577 466 3647 Septt'ertns
479 3577 564 3631 Bure.
580 3578 683 3632 Annal.
699 3578 820 3631 LXIII
828 3596 858 3649 p.
868 3582 926 3647 28),
948 3597 983 3634 en
998 3598 1100 3650 perum
1116 3582 1164 3637 hic
1179 3586 1285 3640 Bueeu

149 3660 256 3722 (postea
272 3658 395 3712 facetum
405 3673 460 3726 pro
475 3657 633 3711 Exercitum
653 3658 804 3729 [Fecitum]
819 3660 959 3728 inferens).
973 3691 1002 3698 —
1019 3661 1109 3718 Hisce
1127 3681 1175 3719 me
1193 3664 1288 3720 hebenl

152 3733 338 3791 Cuminarius:
356 3737 391 3802 cf.
411 3736 563 3791 Muellerus
583 3736 722 3792 ‘Nueltn'
738 3755 770 3806 p.
789 3742 852 3792 130.
882 3739 950 3794 Hice
969 3758 1014 3795 mc
1033 3742 1145 3798 habent
1165 3746 1286 3815 Scalieer.

150 3812 218 3867 Hice
238 3815 343 3869 hebent
362 3816 504 3870 Gruterus.
536 3815 607 3870 Hice
626 3818 731 3871 hebent
750 3834 794 3871 me
813 3819 940 3874 Bcthius.
959 3850 993 3860 -
1013 3826 1103 3878 euent
1117 3842 1175 3895 pro
1195 3827 1287 3881 hebent

150 3892 270 3947 ‘ueterem
294 3896 441 3949 lectionem’
467 3897 536 3950 dicit
555 3897 633 3951 Pius.
653 3926 687 3936 -
709 3897 819 3953 Partim
840 3915 902 3954 enm
921 3900 1085 3956 Camerarius
1103 3908 1214 3972 parlim
1238 3923 1287 3960 cn·

148 3972 248 4026 Bctliio
272 3980 382 4029 ntentans
403 3981 428 4029 et
453 3976 489 4029 Et
511 3983 575 4031 ciete
598 3978 663 4044 post
686 3978 777 4033 delens
798 3981 983 4048 septenarium
1002 3981 1157 4039 iambicum
1178 3990 1288 4057 sequente

148 4054 288 4106 octonario
307 4055 389 4109 meib.
408 4061 433 4109 ct
451 4059 604 4124 septenario
622 4058 706 4112 tiocli.
726 4059 866 4128 discripsit
885 4057 927 4114 e:

253 4131 303 4187 Tu.
324 4131 396 4187 Satis
416 4135 583 4204 mimpsimus
602 4137 659 4191 iem
674 4138 804 4207 supplici.
832 4140 884 4194 Do.
904 4137 1018 4194 Fetebr:
1038 4158 1144 4199 manus
1160 4147 1240 4201 uobis
1252 4147 1287 4199 de.

254 4212 304 4268 To.
324 4212 391 4267 Post
410 4214 490 4268 dubis
509 4215 560 4269 sub
580 4217 674 4272 furcis.
699 4219 773 4273 intro
792 4218 852 4289 abi,
871 4219 901 4273 in
920 4236 1041 4275 erucem.
1069 4221 1125 4280 De.
1141 4212 1189 4280 Ᾱιι
1202 4244 1286 4297 parum

730 4299 776 4353 hie
796 4300 949 4354 exercitum

322 4370 405 4427 HIsee
424 4391 468 4429 me
488 4376 611 4432 hebent?
640 4380 690 4435 ¹1¹0.
712 4378 881 4434 Cenuenisse
899 4379 1031 4435 Texilum
1051 4387 1083 4439 te
1103 4387 1268 4443 memineris.
