2946 5062
578 311 783 396 Parasino
1174 314 1253 371 xvn

101 485 136 545 et
164 477 407 545 concedendum
436 480 487 542 est
512 499 578 543 non
601 478 707 543 minus
736 478 816 565 fingi
845 501 865 543 a
887 477 1002 563 quovis
1024 479 1170 544 litterato
1194 479 1252 545 ho·

102 588 191 652 mine
223 609 322 672 quam
350 608 371 650 a
394 585 511 650 Plauto
540 586 699 670 potuisse,
728 589 761 651 et
783 585 989 651 mirationem
1016 585 1100 652 illud
1123 587 1252 671 excitat,

103 694 191 779 quod
210 699 279 759 tam
297 693 388 759 ferax
408 694 442 758 in
460 694 522 759 hoc
541 694 795 778 compositorum
814 714 930 780 genere
949 697 1047 776 poeta
1065 695 1122 759 illo
1139 699 1250 760 tamen

103 799 184 865 alibi
218 822 385 885 nunquam
419 820 496 865 usus
534 804 594 866 est.
640 799 762 865 Verum
798 799 884 886 quod
915 800 1048 882 falsifiw
1085 800 1252 885 largimur,

105 908 244 992 numqui
272 908 374 973 etiam
402 908 442 972 ad
467 907 665 988 subitarium
692 907 928 972 defendendum
951 907 1060 971 valore
1083 905 1251 971 credetur?

103 1013 166 1080 (lui
195 1014 258 1079 etsi
284 1036 345 1078 nec
373 1036 411 1079 ex
439 1013 618 1081 editoribus
646 1014 918 1098 interpretibusve
947 1034 1008 1078 nec
1031 1034 1048 1076 e
1072 1013 1250 1098 lexicogra-

103 1121 180 1205 phis
209 1125 379 1186 accusator
407 1121 529 1206 extitit,
557 1126 667 1186 tamen
694 1120 905 1186 vehementer
931 1140 1079 1184 veremur
1104 1140 1147 1183 ne
1170 1119 1250 1184 infa-

104 1229 206 1293 miam
230 1227 284 1292 illo
308 1226 360 1292 vel
383 1247 486 1311 aquae
504 1228 567 1292 et'
557 1227 644 1313 ignis
663 1227 825 1293 interdict'
800 1232 922 1293 t10nem
941 1249 1008 1292 non
1026 1226 1132 1309 magis
1154 1247 1251 1310 quam

104 1335 227 1420 aliquis
245 1335 407 1417 parturias
425 1333 567 1419 effugiat
604 1333 678 1399 Huc
696 1334 820 1400 accedit
836 1355 1045 1399 numerorum
1062 1331 1252 1415 insuavitas,

102 1464 189 1527 qnae
219 1464 283 1525 qus
310 1463 345 1507 re
373 1442 579 1506 contineatur
607 1442 791 1526 expositum
820 1445 870 1506 est
894 1401 1115 1526 Proldgomss
1106 1461 1140 1503 111
1162 1437 1251 1504 Trin.

98 1572 131 1634 p.
153 1545 384 1613 ccxxxvll:
408 1548 530 1614 accedit
552 1548 722 1633 deniquo
712 1570 785 1634 ipsa
807 1548 988 1614 sententiae
1018 1547 1157 1631 exilitas,
1183 1567 1255 1610 cum

98 1654 222 1722 nihil
212 1678 248 1720 1n
270 1658 343 1722 toto
367 1656 526 1721 versiculo
550 1656 630 1721 insit
652 1656 738 1740 quod
762 1658 886 1721 nonet
910 1654 1098 1720 concinnius
1126 1657 1161 1718 et
1183 1673 1256 1718 ner·

96 1764 213 1830 vosins
236 1764 270 1827 in
293 1762 408 1827 vicinis
432 1762 553 1828 dictum
577 1762 639 1829 sit'

195 1867 347 1935 ‘Resecto
370 1869 470 1955 igitur
493 1891 558 1935 uno
581 1892 705 1955 panno,
738 1891 802 1956 qno
830 1869 925 1935 liberi
953 1870 1143 1934 manserunt
1164 1867 1256 1932 Pala·

97 1978 178 2044 tini:
214 1977 294 2041 item
325 1981 448 2041 resecto
477 1977 595 2062 altero,
624 1999 689 2062 quo
718 1977 955 2043 Ambrosianus
982 1999 1047 2042 non
1076 1978 1126 2040 est
1154 1974 1256 2040 defor-

99 2088 229 2150 matus:
257 2083 418 2168 reliquum
448 2088 499 2149 est
524 2089 561 2150 ut
590 2085 725 2151 tertium
756 2108 992 2171 removeamus,
1022 2084 1077 2168 qui
1104 2081 1255 2146 Plautino

98 2191 207 2257 nitori
238 2192 274 2255 in
306 2191 451 2276 utrisque
482 2191 638 2258 adhaesit.
684 2191 771 2258 Nam
800 2192 910 2258 Plauti
939 2213 1008 2257 esse
1036 2191 1135 2255 etiam
1164 2190 1255 2253 illum

99 2320 281 2385 negamus:

268 2405 519 2492 Confidentiam,
542 2407 807 2493 confirmitatem,
829 2404 1096 2471 fraudulentiam:

99 2515 161 2580 ubi
186 2513 390 2579 accusativos
413 2513 489 2577 libri
507 2517 636 2596 praeter
654 2512 868 2579 deerrarunt
887 2535 1008 2578 omnes.
1045 2511 1178 2588 Quaeris
1198 2511 1254 2596 qui

102 2626 235 2688 tantam
259 2620 370 2686 iudicii
393 2620 599 2686 severitatem
622 2625 718 2707 atque
750 2621 831 2687 adeo
856 2622 1062 2686 atrocitatem
1085 2617 1256 2687 tueamur?

102 2729 256 2795 Primum
290 2728 376 2813 quod
406 2732 476 2792 tam
509 2730 634 2793 atroces
667 2728 868 2812 septenarios
895 2728 927 2793 h.
951 2750 976 2793 e.
1006 2726 1095 2793 omni
1125 2748 1257 2791 caesura

100 2838 282 2903 destitutos
302 2835 438 2900 Plautus
463 2857 528 2900 non
547 2835 639 2900 fecit:
663 2834 766 2919 quode
786 2834 905 2900 eisdem
924 2835 989 2899 illis
1009 2833 1254 2918 Prolegomenis

104 2944 233 3009 dictum
256 2946 307 3007 est
330 2964 360 3025 p.
380 2939 552 3007 CCLXXV
572 2964 618 3026 sq.
667 2941 793 3006 Dein'de
817 2942 900 3025 quod
925 2942 1027 3006 latine
1050 2941 1176 3006 locutus
1200 2943 1258 3019 est,

104 3075 175 3118 non
199 3051 352 3114 barbare:
375 3050 552 3133 pessimum
576 3053 685 3115 autem
709 3049 903 3114 vocabulum
924 3049 1115 3130 confirmitate
1134 3047 1258 3111 tamdiu

102 3158 302 3225 habebimus
328 3156 495 3241 quamdiu,
519 3156 635 3240 quibus
659 3156 740 3220 illud
764 3157 903 3240 placuit,
927 3154 1075 3239 exempla
1098 3176 1163 3219 non
1188 3175 1259 3236 pro-

102 3266 244 3332 tulerint
267 3265 439 3345 corqtrmus
462 3262 632 3328 adiectivi.'

206 3371 367 3437 ‘Nnncine
391 3370 501 3456 igitur,
525 3371 580 3454 qui
603 3374 676 3436 octo
700 3371 807 3436 relicti
830 3374 905 3435 sunt
928 3393 967 3434 ex
990 3368 1138 3434 undecim
1161 3367 1259 3431 versi-

106 3483 189 3563 bus,
213 3483 300 3544 reete
327 3500 360 3543 se
383 3477 527 3542 habent?
555 3475 633 3543 Non
656 3478 703 3542 ita
725 3500 811 3543 vero.
847 3476 933 3542 Nam
962 3476 1047 3561 quod
1072 3473 1259 3558 saepissime

109 3587 206 3670 alibi,
235 3586 268 3649 id
297 3586 349 3650 hic
374 3607 500 3670 quoque
523 3584 645 3649 factum
669 3588 732 3665 est,
760 3590 796 3650 nt
824 3584 864 3649 ad
888 3585 1061 3649 verborum
1085 3582 1259 3646 sententia·

107 3714 248 3777 rumque
280 3691 566 3776 interpolationem
602 3691 767 3756 accederet
798 3690 928 3774 pristini
958 3688 1079 3754 ordinis
1108 3686 1260 3751 turbatio

106 3803 159 3867 Ac
183 3799 322 3883 primum
349 3798 479 3881 quidem
502 3803 651 3882 apertum
674 3801 811 3862 estnon
835 3818 893 3861 suo
918 3796 989 3859 loco
1014 3795 1107 3858 illum
1133 3812 1261 3856 versum

107 3906 258 3993 positum
281 3926 351 3969 esse
380 3905 442 3985 Qui
460 3910 574 3988 urylcot
592 3926 623 3969 se
641 3952 648 3968 .
668 3955 676 3970 .
696 3956 702 3968 .
722 3928 752 3968 ,ε
776 3925 870 3987 quem
889 3903 962 3984 ipsa
982 3898 1165 3983 argumenti
1189 3918 1262 3979 pro·

105 4013 280 4101 pinqnitas
305 4035 377 4078 cum
402 4035 432 4078 v.
450 4013 491 4077 31
514 4016 546 4076 et
565 4012 608 4076 32
634 4013 745 4076 sociat.
786 4010 959 4073 Praeterea
980 4025 1169 4089 perversum
1193 4024 1263 4066 esse

107 4124 254 4206 apparet
280 4119 314 4183 in
343 4120 407 4184 fine
436 4119 564 4183 demum
589 4118 742 4202 subsequi
767 4112 1041 4199 comparationem
1072 4132 1143 4175 cum
1167 4109 1262 4175 horto

107 4234 145 4293 et
176 4226 391 4291 condimentis
420 4227 553 4310 factam,
587 4225 776 4310 praecedere
808 4226 915 4287 autem
946 4242 984 4285 ea
1013 4240 1094 4303 quae
1122 4217 1163 4281 ad
1191 4238 1263 4282 eam

108 4338 225 4420 ipsam
254 4333 528 4417 comparationem
558 4333 604 4397 ita
634 4334 795 4416 spectant,
825 4332 862 4392 ut
888 4328 966 4393 hinc
989 4327 1118 4391 demum
1143 4326 1208 4390 vim
1233 4326 1266 4386 et

109 4445 223 4508 lucem
249 4440 421 4523 accipiant:
444 4440 501 4505 illa
525 4439 661 4505 dicimus
685 4439 812 4523 quibus,
835 4457 916 4521 quae
941 4436 1007 4500 sint
1025 4432 1170 4498 mulieris
1190 4451 1265 4495 con-

170 4554 188 4594 Ρ
189 4564 267 4594 rrrrr
280 4553 359 4595 Minus
373 4555 423 4595 Gno
426 4564 508 4596 ssssss
1032 4538 1051 4591 b
