2910 5528
152 318 213 383 138
622 315 808 372 APPENDIX
1095 288 1102 297 ⁸
1150 323 1275 373 eet-res

238 483 289 532 261
299 494 354 548 sqq.
368 479 446 534 Duae
460 480 535 534 Bab
549 485 637 534 oetan.
651 478 733 533 moab.
747 478 894 535 incohabat
906 479 1026 534 Botbiue
1042 479 1126 535 deleto
1143 479 1205 534 Ioui
1217 481 1277 534 item·

149 576 199 630 que
223 559 383 628 Spenpelius
408 558 493 626 ‘Rei’
511 576 541 627 p.
557 562 593 612 03
607 559 688 622 adn,
709 559 766 612 nisi
787 560 860 628 quod
874 566 1018 630 praeterea
1037 559 1098 630 Ope
1121 563 1208 630 gnato
1229 566 1279 615 ane

150 639 284 708 opulento
303 639 452 694 collocabat
469 644 519 692 aut
537 639 650 693 servatis
667 638 780 705 reliquis
798 655 907 694 summo
924 642 965 695 ael
979 657 1085 709 supero
1094 657 1148 709 pro
1162 656 1279 710 supremo

148 721 291 787 inserebat.
325 717 429 774 Gontra
447 718 507 774 Ioui
525 717 659 788 opulento
677 715 784 771 incluto
803 719 867 772 dim.
887 725 949 775 oret.
962 721 1126 776 -baealeiaeis
1139 718 1280 789 praemii

148 801 252 854 addens
276 800 428 854 ‘etr-2⁶3
451 801 491 853 sic
514 817 532 852 a
555 816 595 852 me
617 799 667 852 din
690 798 836 866 discriptos
858 806 922 867 post
948 800 1009 854 aidi
1037 815 1095 854 non
1118 800 1199 854 aliter
1222 800 1280 855 ller-

150 897 282 934 mannum
295 879 460 948 disposuisse
473 879 550 946 apud
560 877 689 932 Raetiam
701 876 799 945 Opust.
809 895 840 947 p.
851 883 919 933 174.-
933 896 1010 948 qnem
1024 880 1103 949 sequi
1116 881 1148 934 in
1158 881 1281 948 proaimis

149 975 205 1015 non
220 959 323 1028 potui’.
352 959 395 1026 Cf.
413 960 494 1012 etiam
514 958 676 1011 Duebnerus
694 956 725 1010 in
744 958 833 1011 Ialrni
851 959 955 1013 Annal.
970 958 1022 1012 IV
1035 976 1064 1027 p.
1080 963 1145 1013 337.
1179 959 1283 1014 Oretioos

149 1041 240 1094 eadem
258 1056 312 1108 qna
326 1038 485 1108 Spenpelius
499 1039 605 1092 ratione
620 1038 706 1105 (iusta
719 1040 751 1089 nt
762 1039 842 1105 puto)
856 1038 1015 1107 improbam
1028 1039 1096 1106 trip.
1110 1039 1194 1094 iamb.
1207 1039 1283 1106 effecit

151 1120 284 1174 Crainius
297 1118 358 1172 Aet.
373 1133 463 1186 ppmn.
479 1118 570 1171 Berol.
585 1118 648 1170 XX
659 1135 686 1186 p.
698 1120 754 1171 869
771 1133 828 1170 non
841 1119 933 1170 otinas
946 1118 1163 1186 improbabilem.
1186 1119 1284 1188 Aborae

150 1202 190 1253 As
213 1204 292 1266 esset,
315 1200 346 1252 in
368 1214 421 1266 qno
442 1204 505 1266 post
527 1211 658 1252 memoro
684 1199 769 1252 ‘aliae
791 1197 872 1250 etiam
896 1197 1051 1251 litterarum
1070 1199 1185 1254 umbrae
1201 1214 1284 1268 euper-

148 1285 227 1346 sunt,
248 1295 318 1346 quae
339 1283 430 1331 tomen
452 1278 520 1345 quid
541 1278 696 1345 sipnificent
718 1277 844 1346 dipnosei
864 1277 969 1346 nequit‘
991 1276 1076 1344 (unde
1095 1281 1213 1348 optumo
1229 1295 1284 1346 rup-

145 1359 231 1427 pleat)
255 1358 372 1426 copitari
389 1359 478 1426 possit
501 1358 533 1410 de
556 1355 599 1410 lb!
625 1355 685 1410 Ioui
705 1356 838 1425 opulento
856 1355 972 1411 incluto.
997 1357 1227 1415 Baeabiaeumo
1239 1362 1284 1413 tm

149 1440 221 1508 qnod
239 1438 380 1491 admittere
396 1437 487 1490 noluit
506 1436 710 1507 Spenpeliurp.
725 1439 791 1491 201.
810 1440 867 1492 271
885 1437 951 1491 adn.
970 1441 1028 1492 274
1047 1438 1114 1492 aaa.
1126 1441 1186 1494 277
1204 1438 1286 1506 (aliter

151 1520 215 1574 alirn
231 1519 274 1572 ‘de
289 1495 372 1572 aret.
378 1533 407 1585 p
422 1519 482 1585 26),
500 1518 641 1584 respondit
655 1516 805 1588 Seyffertus
819 1516 903 1570 Burs
918 1516 1023 1572 Annal.
1040 1516 1162 1570 XXXI
1170 1535 1201 1588 p.
1212 1521 1285 1585 tiso.

152 1629 185 1638 —
209 1598 242 1653 V.
256 1603 309 1652 214
331 1595 443 1652 Lubens
465 1596 620 1665 meritoque
646 1595 751 1650 uitulor
773 1613 825 1651 ser
845 1597 1018 1652 Gulielmius.
1055 1597 1170 1651 Lubens
1192 1595 1288 1650 uitulor

152 1681 236 1747 etque
260 1676 304 1731 die
327 1675 434 1731 cunetis
457 1676 558 1730 merito
581 1675 610 1728 et
633 1677 770 1741 refutante
790 1676 890 1731 Ballas
912 1677 946 1730 de
964 1679 1067 1746 partia.
1092 1678 1183 1745 copul.
1199 1694 1229 1747 p.
1246 1679 1287 1742 20,

153 1759 201 1813 nbi
218 1756 329 1812 Lubbne
347 1755 453 1811 uitulbr
471 1755 570 1824 dieque
588 1756 681 1811 laetus
695 1755 796 1810 merito
810 1761 930 1825 temptat.
955 1754 1066 1810 Lubens
1081 1754 1210 1825 gratulor
1223 1756 1287 1809 uitu-

151 1838 249 1907 lorque
272 1837 372 1892 merito
396 1837 532 1905 Berplrius
553 1837 649 1906 opusc.
671 1837 692 1888 Ι
706 1853 734 1904 p.
754 1841 817 1890 679.
856 1835 967 1890 Lubens
991 1835 1101 1890 uitulor
1120 1837 1214 1890 laetus
1232 1850 1286 1907 grs-

153 1923 253 1986 tusque
278 1916 377 1970 merito
397 1915 564 1985 Spenpeliue.
604 1915 706 1984 Diuque
732 1916 882 1985 (omnibus)
901 1931 955 1985 ago
974 1915 1083 1985 gratias
1101 1914 1204 1971 lubens
1221 1918 1287 1970 uitu-

151 1998 248 2067 lorque
271 1995 370 2051 morito
400 1996 551 2066 Vssinpins.
596 1996 692 2050 Totum
715 1997 803 2050 laeum
821 1997 936 2066 pessime
959 1997 1091 2052 tractavit
1113 1996 1288 2064 lieendijliur

148 2095 177 2148 p.
192 2082 238 2134 25.
282 2078 350 2132 Vide
365 2078 454 2145 praef.

241 2164 301 2212 216.
322 2156 459 2223 Quoniam
473 2173 528 2226 pro
547 2155 619 2222 Quia
638 2155 668 2209 'R
686 2157 843 2226 obloquente
860 2156 1012 2211 Luebberto
1030 2154 1112 2210 Stud.
1127 2174 1239 2226 pram.
1252 2157 1288 2208 ll

148 2258 177 2308 p.
195 2242 248 2292 103
257 2254 294 2307 sq.
324 2237 411 2302 Quom
436 2236 491 2289 iam
516 2236 677 2306 Spenpelius
696 2235 783 2303 ‘Refi'
801 2254 831 2306 p.
851 2240 920 2290 388:
944 2242 994 2290 aut
1016 2237 1057 2289 sia
1080 2241 1132 2291 aut
1151 2236 1221 2301 Quis
1236 2235 1286 2288 iam

154 2318 255 2373 Caesar
273 2319 305 2371 de
325 2316 370 2370 Pl.
390 2333 464 2370 mem.
484 2333 529 2384 ap.
547 2317 622 2370 Non.
638 2332 669 2384 p.
688 2320 743 2371 147
761 2317 807 2385 (cf.
827 2319 872 2370 32.
893 2320 944 2382 75,
967 2314 1183 2385 Replibinmque
1195 2332 1223 2384 p.
1238 2319 1286 2379 58),

152 2399 198 2452 ani
217 2395 288 2461 Quia
309 2398 368 2449 bam
389 2397 558 2465 praeferrem
581 2402 632 2450 aut
650 2397 722 2450 hane
736 2400 801 2465 post
819 2394 891 2460 Quia
908 2396 1066 2461 traiectum,
1088 2395 1136 2450 lu'e
1158 2410 1246 2450 sereres
1261 2400 1292 2453 ut.

152 2477 333 2543 antecedenti,
353 2492 410 2530 non
428 2476 599 2544 subsequenti
616 2476 716 2529 similis
733 2477 777 2531 sit.
816 2474 938 2530 Ueterum
956 2477 991 2542 ef.
1011 2475 1165 2545 Lampenue
1184 2475 1285 2529 ‘Bella’

149 2576 178 2627 p.
194 2562 261 2612 252.

241 2641 301 2691 216.
324 2637 380 2690 Pro
408 2634 522 2689 Danunt
549 2635 599 2703 (sie
626 2636 707 2688 etiam
735 2637 856 2703 Nonius)
885 2635 964 2689 danii
989 2635 1120 2703 Lipsius,
1148 2633 1198 2687 dat
1223 2651 1285 2687 nune

152 2718 272 2771 Botleius
295 2734 350 2771 non
374 2716 545 2786 improbante
567 2716 687 2770 Luabsio
710 2717 741 2769 ιἰι
764 2715 882 2769 Studern.
907 2714 986 2770 Sinti.
1007 2715 1027 2766 1
1048 2732 1076 2783 p.
1096 2718 1142 2769 32.
1163 2745 1196 2753 -
1216 2716 1246 2767 ul
1265 2713 1285 2765 ei

153 2798 247 2865 egenti
262 2813 344 2865 opem
360 2797 487 2862 Weisias,
502 2796 653 2867 Seyffertas
671 2796 772 2850 Plrilol.
789 2795 880 2848 XXV
892 2812 921 2863 p.
937 2798 999 2848 451.
1026 2810 1144 2862 compos
1158 2797 1191 2847 ut
1203 2792 1285 2862 egenti

153 2894 234 2945 opem
254 2875 283 2929 ll
306 2878 365 2945 (qui
388 2876 484 2931 addito
509 2892 624 2944 compos
649 2877 685 2929 ad
707 2877 838 2943 proxima
855 2875 959 2928 rettulit
978 2874 1059 2928 aerbo
1078 2875 1192 2942 argenti
1208 2871 1284 2925 mutui

153 2974 214 3010 eam
228 2958 266 3010 eis
279 2973 348 3025 quae
357 2957 527 3025 praecedunt
541 2957 621 3025 melpo
636 2957 761 3022 structa).
783 2956 815 3007 ιι1
829 2952 924 3023 egenti
939 2971 1022 3022 opem
1037 2956 1165 3022 optatam
1182 2952 1283 3021 Spenpc·

152 3038 207 3090 lius
226 3036 312 3102 ‘Rei’
330 3054 359 3104 p.
375 3038 440 3090 388.
473 3038 505 3089 ut
523 3053 575 3105 ego
595 3034 691 3105 egenti
710 3050 792 3103 opem
811 3050 902 3087 meam
923 3033 1113 3100 Ijsendijlrius
1129 3052 1158 3103 p.
1173 3036 1218 3086 25.
1248 3031 1284 3085 At

153 3117 260 3170 amanti
279 3118 341 3171 add.
363 3117 396 3180 cs.
417 3115 497 3170 Asin
518 3122 560 3170 75.
582 3119 644 3172 684.
663 3120 728 3181 848,
747 3116 848 3169 Baeeb.
865 3118 928 3168 233.
944 3119 1006 3168 351.
1022 3117 1085 3169 393.
1102 3117 1165 3168 931.
1179 3144 1209 3153 -
1225 3113 1282 3166 Mat

153 3197 185 3248 de
208 3197 298 3264 magis
321 3197 382 3251 aide
405 3195 552 3250 Handium
574 3197 688 3250 Tursell.
708 3196 768 3248 III
786 3211 815 3262 p.
836 3198 900 3259 002,
922 3195 956 3248 de
977 3199 1033 3249 tolo
1056 3195 1115 3248 looo
1136 3195 1282 3264 Lanpenua

154 3276 231 3331 Stud.
254 3277 298 3331 Pl.
314 3294 344 3345 p.
364 3282 407 3331 61.

243 3362 302 3410 218.
324 3357 423 3412 Haud
440 3358 496 3411 seio
514 3373 552 3411 an
567 3361 650 3426 poeta
667 3357 771 3411 dederit
789 3341 860 3410 Eam
873 3354 933 3409 fore
948 3354 987 3407 mi
1002 3354 1091 3408 etism
1107 3350 1278 3409 acessionem

152 3435 190 3492 ll.
224 3437 266 3504 Os.
286 3436 457 3506 Kloteiusp
477 3441 542 3492 260.

242 3521 301 3570 219.
322 3514 393 3568 Nam
413 3517 475 3569 true
493 3499 675 3568 meuslret'
640 3516 723 3568 trram
743 3533 786 3569 me
806 3532 841 3567 m.
861 3514 901 3568 ael
919 3512 991 3566 me
1011 3529 1074 3567 erue
1089 3513 1225 3568 Eretriam
1243 3525 1276 3563 me

153 3597 292 3668 m.[sic
280 3615 311 3650 ιιι
329 3597 381 3666 ed]
401 3595 431 3648 bt
451 3595 557 3665 Prolep.
574 3595 651 3648 Trin.
667 3612 698 3663 p.
714 3594 783 3649 CLI
793 3595 857 3650 adn.
882 3591 955 3647 Nam
975 3583 1117 3647 Eretriam
1137 3596 1199 3648 erus
1216 3607 1277 3645 meus

154 3694 198 3730 me
217 3695 253 3730 m.
272 3674 312 3732 Ε,
351 3674 393 3741 Of.
414 3676 563 3729 Muellerus
584 3675 661 3729 Peos.
677 3693 707 3745 p.
727 3679 790 3742 100,
815 3673 976 3741 Spenpelius
997 3671 1085 3738 ‘Refi’
1107 3692 1138 3743 p.
1159 3671 1275 3728 132101.

160 3755 227 3811 Vide
251 3758 341 3823 praes.
366 3784 399 3792 -
432 3753 578 3821 Erythism
607 3753 781 3808 Passeratius
808 3754 845 3807 ad
872 3751 995 3821 Propert.
1016 3750 1129 3820 IV10,
1149 3757 1174 3806 1.
1197 3746 1277 3800 -uli

155 3835 329 3889 (lanterariue
348 3851 401 3903 pro
424 3833 466 3886 uti
490 3832 558 3887 sibi.-
580 3834 652 3901 quod
674 3834 727 3887 bue
741 3849 795 3903 pro
814 3833 900 3886 boues
918 3833 1050 3899 rescripto
1069 3833 1116 3900 (of.
1136 3834 1173 3887 ad
1190 3849 1213 3886 o.
1225 3832 1277 3892 etl)

152 3916 278 3968 servabat
303 3915 447 3968 laoderus
471 3913 561 3967 ‘Vere
586 3914 624 3968 It.
649 3914 718 3968 ant.’
745 3915 785 3968 ed.
810 3931 835 3967 a.
855 3917 929 3967 1890
952 3928 982 3980 p.
1003 3910 1065 3966 CX.
1105 3909 1223 3966 domitos
1245 3903 1276 3958 ufi

154 3993 239 4047 boues
261 3995 390 4062 Gupetns.

243 4078 303 4127 260,
323 4090 382 4127 asse
411 4072 525 4142 septimi
553 4075 604 4128 del.
628 4073 673 4127 die
697 4074 827 4142 Guyetue.
865 4070 908 4138 Os.
934 4070 1169 4124 Laolrmanmes
1158 4088 1189 4124 ιιι
1209 4068 1274 4121 Lutr

149 4168 178 4218 p.
199 4156 245 4220 98,
264 4154 393 4224 Enperue
411 4155 443 4206 de
462 4154 506 4207 Pl.
524 4170 597 4221 pros.
612 4172 642 4223 p.
663 4153 750 4220 XIV,
768 4152 921 4206 Muellerus
938 4150 1016 4205 Prae.
1033 4167 1061 4220 p.
1078 4153 1141 4216 301,
1159 4148 1275 4244 Berpliu

155 4232 265 4287 ‘Beitm’
283 4251 313 4302 p.
330 4237 383 4286 143
398 4234 463 4286 adn

241 4318 301 4366 262.
321 4311 394 4365 Nam
410 4330 461 4380 ego
477 4314 529 4366 hoa
544 4314 692 4381 argentum
708 4311 738 4365 R
753 4313 829 4367 Prot.
846 4311 923 4364 Trin.
936 4327 965 4378 p.
978 4308 1047 4362 CLI
1063 4311 1138 4376 adn,
1157 4306 1273 4363 mehoc

153 4392 252 4455 argent
254 4407 300 4445 um
315 4393 371 4445 ium
387 4394 418 4446 in
432 4394 493 4449 edit.
514 4392 594 4447 Nunc
604 4395 658 4447 hoa
668 4394 817 4462 argentum
828 4391 980 4445 Muellerus
991 4388 1131 4445 ‘Noclttm’
1145 4407 1174 4459 p.
1184 4386 1271 4444 senis
