2910 5528
264 322 327 374 XIV
736 317 941 373 PRAEFATIO
1040 275 1049 298 o

260 507 336 566 pero
359 522 393 531 -
425 486 521 548 corice
545 485 549 563 Ι
576 519 617 528 -
645 483 787 563 amplecti
810 483 814 562 Ι
840 518 881 544 τ-
904 480 1021 562 poculsi
1049 481 1167 544 donam
1191 515 1232 524 -
1246 479 1403 569 ,inuidit

264 629 306 636 —
326 593 435 674 paud·
457 592 460 673 Ι

356 699 545 764 tls-817:
571 735 606 743 —
631 697 744 785 omnib·
764 732 807 741 —
826 695 875 760 liic
892 694 971 759 initi
992 731 1029 741 -
1050 695 1211 759 diuerauit
1230 699 1235 771 Ι
1255 729 1299 738 -
1320 694 1406 767 illam

265 806 458 885 —perdant
489 841 527 849 —
557 805 676 885 arpenti
701 841 740 848 -
765 803 970 885 incruciotum
985 826 1034 847 ·—
1059 803 1185 866 redierit
1208 837 1250 846 -
1272 799 1407 880 sabulatt

263 949 305 956 -
334 911 442 976 liberta
468 949 511 957 —
539 912 620 992 cpite
644 947 684 955 -
709 909 797 989 locus
816 910 864 973 liic
891 946 926 955 -
953 929 1048 989 perere
1073 907 1078 992 Ι
1104 946 1144 955 -
1172 907 1319 991 astlipom
1339 908 1344 986 Ι
1367 943 1401 952 -

263 1022 349 1080 turon
374 1018 378 1102 Ι
406 1054 444 1062 -
469 1016 632 1095 uersunifti
656 1016 660 1096 Ι
688 1052 726 1061 -
751 1008 887 1095 addilost
910 1015 914 1097 Ι
943 1053 978 1060 -
1004 1014 1121 1096 frictilli
1144 1022 1230 1096 -p
1257 1015 1342 1078 uorti
1363 1050 1404 1060 -

261 1144 310 1186 cor
334 1125 412 1187 mibc'
431 1121 435 1204 Ι
461 1160 496 1169 -
518 1121 692 1201 ricanlefcot
705 1159 748 1167 —
757 1124 904 1204 papirium
925 1120 929 1206 Ι
951 1159 991 1168 —
1011 1121 1133 1202 basilice
1149 1157 1188 1167 -
1210 1121 1346 1186 inridere
1363 1156 1403 1166 —-

262 1230 316 1293 tibi
333 1254 334 1271 ¹
357 1268 392 1276 -
410 1231 540 1294 lubet-
558 1229 749 1311 qriictruneis
757 1266 797 1273 —
811 1229 904 1310 qums
918 1228 974 1292 td?
991 1231 994 1308 Ι
1013 1266 1053 1275 -
1068 1227 1189 1310 cupas
1196 1263 1234 1279 -·
1246 1229 1381 1292 condem

349 1337 540 1401 818-857:
567 1337 675 1417 -pol
698 1336 759 1415 cos
774 1372 816 1379 -
839 1335 904 1400 uolt
927 1370 968 1379 -
992 1334 1125 1415 ncdfum
1148 1370 1194 1380 —
1214 1333 1352 1414 bebimus
1364 1369 1400 1380 —

260 1443 396 1523 transeat
420 1443 424 1525 Ι
452 1479 489 1488 -
515 1445 585 1506 uirlc
614 1480 655 1488 -
683 1442 834 1522 diodorus
851 1463 940 1523 quem
967 1478 1010 1488 -
1038 1441 1136 1522 abilis
1154 1478 1193 1487 -
1218 1443 1318 1506 ᾶεηιιο
1337 1443 1402 1523 Ι-

260 1552 415 1614 arleurtem
436 1548 440 1634 Ι
461 1586 502 1596 -
519 1550 657 1632 penicis
665 1549 776 1630 fiscalis
788 1548 792 1632 Ι
814 1587 856 1595 -
869 1551 1008 1631 pudebit
1026 1548 1030 1632 Ι
1053 1585 1094 1594 -
1114 1549 1182 1613 uoto
1203 1546 1208 1632 Ι
1232 1586 1270 1595 -
1292 1548 1399 1631 opust¹

263 1692 299 1701 -
319 1654 402 1741 cmo!
422 1693 457 1701 -
477 1679 524 1720 me
540 1654 543 1742 Ι
562 1695 602 1702 -
617 1658 699 1738 absc·
719 1654 783 1720 mc
805 1693 843 1700 -
859 1677 947 1738 crepe
960 1657 1041 1720 dien
1061 1653 1065 1741 Ι
1089 1692 1126 1700 -
1143 1654 1333 1735 adrrcrsctuf
1342 1655 1399 1735 cll&

260 1800 301 1809 -—
316 1762 461 1843 lionelluf
474 1767 478 1844 Ι
500 1800 541 1809 -
556 1761 766 1843 repertuscftl
791 1799 827 1831 -,-
839 1783 972 1844 parcom
992 1762 997 1847 Ι
1021 1800 1057 1807 -
1075 1762 1144 1826 <ledi
1164 1760 1169 1846 Ι
1190 1799 1234 1808 -
1248 1760 1398 1841 sedulo-
1433 1837 1437 1843 Ι

259 1870 419 1950 consulunt
438 1907 478 1916 —
498 1869 681 1948 dordclufi
707 1907 749 1914 -
773 1871 826 1950 qui
847 1870 912 1948 scit
934 1906 975 1914 -
999 1869 1117 1933 molum
1139 1867 1288 1947 uobis-
1312 1869 1401 1948 nates

259 2014 302 2023 —
327 1978 444 2058 loquere
471 2015 513 2022 -
541 1978 709 2040 orlcacnam
733 2012 776 2022 —
801 1996 875 2040 coco
902 1976 973 2040 bene
998 2013 1042 2022 —
1069 1976 1166 2057 icitur
1192 2011 1229 2021 —·
1257 1976 1339 2040 mole
1361 2012 1399 2021 —

256 2084 338 2165 fotis
354 2121 393 2129 —
419 2085 456 2147 llo
477 2083 481 2167 Ι
504 2121 542 2127 -
562 2091 648 2165 perui
668 2083 671 2164 Ι
695 2121 735 2128 -
759 2082 830 2166 cccl
855 2120 892 2128 —
912 2083 1055 2164 plaudite
1070 2081 1208 2163 paritio}

347 2189 395 2253 De
424 2189 586 2254 codicibus
615 2190 696 2253 nihil
724 2190 829 2253 liab'eo
859 2188 943 2273 quod
973 2186 1128 2273 addam*)
1156 2187 1221 2252 nisi
1249 2188 1325 2253 hoc:
1353 2210 1400 2252 me

258 2299 405 2361 consulto
429 2296 618 2380 plerumque
643 2297 800 2378 omisisse,
824 2295 879 2359 ubi
904 2294 937 2359 B
960 2302 1035 2379 post
1057 2315 1271 2379 personarum
1296 2296 1400 2379 spatia

258 2403 436 2467 maiuscula
469 2403 579 2466 littera
612 2406 723 2466 utatur
756 2401 913 2485 (itemque
945 2403 971 2465 si
1002 2400 1066 2466 01)
1093 2401 1174 2465 aB
1204 2423 1245 2465 ex
1275 2401 1400 2466 diversa

257 2510 465 2594 discriptione
498 2510 530 2573 in
559 2510 737 2573 maiuscula
765 2513 891 2573 tantum
920 2506 1131 2592 discrepent):
1165 2529 1263 2573 voces
1293 2515 1398 2575 autem
1431 2544 1435 2549 ·

257 2616 463 2700 syllabasque
488 2616 572 2695 male
596 2617 782 2680 coniunctas
806 2616 1022 2680 disiunctasve
1043 2615 1105 2679 etsi
1125 2615 1178 2699 (ex
1193 2615 1229 2679 B
1248 2613 1397 2698 maxime)

257 2746 352 2808 saepe
373 2760 412 2769 -
433 2727 466 2786 et
485 2723 613 2806 saepius
632 2722 771 2787 fortasse
790 2745 887 2806 quam
905 2744 984 2807 opus
1001 2727 1074 2786 'erat
1087 2759 1128 2768 —
1144 2723 1273 2803 notavi,
1293 2728 1396 2787 tamen

256 2852 457 2913 nequaquam
483 2829 570 2893 volui
595 2852 706 2893 omnes
730 2830 860 2893 omnino
884 2830 1072 2893 exscribere.
1095 2898 1099 2907 ¹

345 2937 383 2998 ln
403 2938 546 3019 priorum
562 2936 744 2999 criticorum
761 2937 984 3024 conaminibus
999 2936 1172 3001 afferendis
1187 2943 1307 3002 utnon
1321 2959 1394 3002 scm·
1438 2974 1441 2979 ·

255 3063 312 3122 por
328 3043 359 3102 in
373 3041 539 3104 llitschelii
554 3043 655 3124 copiis
671 3043 915 3126 acquiescerem,
929 3044 1053 3107 ‹luabus
1069 3044 1107 3108 de
1122 3043 1231 3107 causis
1245 3043 1394 3123 adductus

256 3168 335 3206 suin.
356 3147 403 3208 Ac
413 3147 551 3228 primum
564 3148 692 3231 quidem
704 3148 831 3231 saepius
843 3148 906 3211 vidi
915 3147 1128 3213 Ritschelium
1140 3150 1203 3213 sibi
1212 3150 1395 3230 vindicasse,

255 3273 336 3333 quae
352 3251 504 3335 (inpetus,
524 3253 669 3335 Botlrius,
688 3255 743 3318 alii
760 3259 1008 3338 occupaverant:
1028 3255 1112 3319 unde
1128 3262 1268 3340 apparet
1280 3279 1394 3341 nequa-

254 3381 350 3441 quam
372 3361 519 3423 consulto
539 3362 646 3424 omnia
666 3361 706 3423 ab
722 3360 778 3424 illo
794 3361 915 3425 omissa
928 3380 1006 3442 esse,
1025 3383 1106 3445 quae
1122 3363 1281 3427 omiserit
1319 3363 1393 3428 Tum

244 3486 329 3529 -uero
345 3488 409 3530 non
425 3488 525 3549 parva
540 3488 616 3548 pars
631 3488 740 3530 eorum
758 3489 838 3550 quae
852 3467 1006 3531 omiserat
1015 3468 1147 3531 interim
1158 3469 1201 3532 ab
1213 3468 1288 3532 aliis
1298 3469 1394 3534 redin-

252 3575 381 3656 tegrata
397 3579 446 3636 est
462 3575 610 3656 ignorata
621 3572 808 3657 plerumque
819 3577 987 3637 auctorum
997 3573 1179 3658 principum
1193 3578 1393 3641 auctoritate.

252 3679 368 3764 Itaque
388 3702 424 3743 eo
446 3679 609 3743 liberalius
630 3664 956 3764 apparatumaugere
976 3684 1009 3744 et
1026 3678 1115 3743 volui
1133 3683 1167 3744 et
1186 3682 1292 3766 potul,
1316 3681 1393 3766 quod

252 3787 301 3849 vel
327 3786 492 3849 inutiliora
519 3790 701 3849 commenta
727 3786 791 3848 iam
818 3786 850 3848 in
873 3785 1083 3869 appendicem
1104 3787 1254 3871 relegata
1275 3789 1329 3853 vix
1351 3789 1391 3851 in·

252 3894 420 3957 commodo
441 3898 528 3957 sunt:
549 3897 645 3977 atque
665 3892 737 3956 aliis
758 3892 822 3981 aliga
842 3892 972 3987 inutilia
992 3897 1068 3956 sunt
1082 3893 1133 3957 vel
1153 3895 1309 3960 videntur
1322 3917 1393 3959 esse.

335 4125 360 4191 *)
380 4122 435 4176 Vbi
450 4124 560 4178 divorse
575 4140 646 4191 quac
662 4127 774 4191 praesto
789 4127 869 4176 erant
883 4121 1045 4177 testimonia
1059 4122 1134 4176 inter
1149 4139 1179 4178 sa
1194 4123 1390 4196 discreparent,

253 4203 414 4271 plerumque
435 4208 533 4271 sponte
549 4203 687 4273 apparuit,
707 4204 834 4272 quisnam
853 4202 1010 4257 accuratius
1025 4203 1184 4264 contulerit.
1216 4206 1311 4260 Vnum
1325 4222 1394 4260 coms

252 4300 374 4336 iucmoro
395 4301 427 4336 ex
448 4284 475 4335 B
495 4283 644 4336 Hinclrinni
665 4301 688 4335 v.
710 4291 725 4335 3
745 4285 872 4352 ecscctera
891 4286 1015 4351 notasse,
1040 4283 1088 4337 ubi
1112 4301 1146 4337 ca
1166 4301 1219 4353 pro
1238 4302 1268 4339 ec
1288 4287 1392 4347 Parcus,

254 4362 430 4428 ltilscbelius,
450 4362 657 4416 Studeruundus
677 4363 789 4416 hubent.
819 4363 956 4431 Reliquae
975 4363 1182 4433 discrepantiae
1190 4382 1262 4418 cum
1278 4365 1390 4420 leviores

252 4441 336 4494 ctiam
357 4444 425 4508 siut,
444 4444 522 4496 nolui
540 4447 654 4512 propter
673 4460 721 4497 eas
740 4443 845 4498 amicos
863 4443 1005 4499 Romanos
1025 4443 1187 4502 sollicitare.
