2910 5528
152 309 203 365 Xll
615 310 819 367 PRAEFATIO

152 476 347 541 dermannus
376 477 474 542 tacite
504 476 651 541 correxit
693 476 786 553 Quod
814 499 889 543 vero
913 476 1089 563 Seyffertus
1118 481 1154 545 in
1185 483 1299 568 primis

152 584 297 649 versibus
317 583 388 649 folii
407 581 472 647 VlI
489 583 623 668 negavit
640 584 743 667 simod,
761 584 844 667 qued,
865 583 969 649 Ehem
986 587 1040 651 arla
1057 590 1184 654 tandm
1201 592 1300 674 parti·

153 691 240 755 aulas
271 690 317 754 sic
345 696 382 755 ut
409 695 521 755 extant
548 691 625 754 ferri
653 711 762 774 posse,
792 691 857 754 iam
884 692 918 754 in
946 693 1123 776 appendice
1153 717 1206 760 me
1235 718 1300 762 non

152 797 291 880 probare
315 797 503 882 significavi.
541 794 707 881 Cogitavit
729 796 786 861 ille
811 796 849 861 de
871 797 931 861 tali
953 799 1229 867 conformatione:

175 920 338 1005 <Animo>
363 924 485 986 morem
508 941 611 1005 geras.
644 916 714 984 uita
737 942 834 1005 quam
858 919 902 986 sit
925 922 1034 988 breuis

174 1026 316 1114 <Cogita
339 1034 435 1112 atque
458 1028 542 1110 hoc>
565 1026 662 1092 simul
686 1027 796 1111 cogita
816 1065 856 1073 —
878 1027 961 1095 TRA.
985 1028 1068 1106 Quid
1091 1072 1142 1100 o-

236 1154 943 1195 *sesraerrrss

173 1240 278 1305 llhem
302 1238 356 1304 uix
380 1240 511 1304 tandem
534 1240 662 1325 perce'pi
686 1261 782 1323 super
805 1239 857 1304 his
881 1241 977 1306 rebus
997 1243 1120 1309 nostris
1143 1246 1179 1311 tc
1201 1246 1301 1332 loqui.

151 1374 196 1438 At
228 1374 255 1437 si
284 1375 361 1439 duce
391 1371 575 1438 Camerario
605 1373 792 1457 supplemus
820 1373 943 1457 potius:
976 1373 1044 1459 <Vr
1065 1376 1200 1458 homost
1229 1380 1299 1465 ito>

151 1502 265 1546 romeos
276 1501 376 1564 paroc,
391 1480 512 1564 optime
528 1479 678 1564 quadrat:
697 1481 795 1563 capita
808 1481 912 1566 simut,
929 1483 999 1548 aibr
1011 1504 1110 1565 qrrcm
1122 1486 1166 1551 sit
1182 1484 1298 1552 aaa:

150 1589 190 1653 ad
218 1589 278 1653 has
307 1592 414 1652 autem
443 1587 618 1652 allusiones
642 1610 714 1652 cum
742 1587 896 1652 accedant
924 1589 1061 1673 priores:
1087 1591 1174 1671 Quid
1193 1593 1299 1659 nunc?

149 1716 242 1777 quam
260 1695 355 1761 moa?
365 1691 397 1780 ²¹²)
421 1730 463 1740 -
483 1695 563 1775 qaod
579 1694 654 1759 solet
670 1694 739 1776 ficri
761 1693 811 1759 hic
829 1696 914 1759 intus
936 1731 974 1743 -
997 1697 1058 1762 sors
1075 1698 1143 1762 iam
1160 1699 1240 1781 quid
1255 1699 1298 1765 lc-

150 1824 230 1884 qaor
254 1839 292 1850 —
317 1804 361 1867 sic
383 1803 474 1886 dccet,
502 1801 584 1864 nihil
611 1803 708 1885 plane
731 1801 932 1867 desideratur
959 1803 1000 1867 ad
1027 1803 1094 1870 vim
1122 1806 1297 1890 particula·

150 1932 221 1975 rum
250 1909 354 1974 Ehem
380 1911 438 1973 uic
471 1909 593 1974 badam
617 1907 854 1992 explicandam:
883 1910 999 1993 quibus
1032 1910 1141 1990 Qvod?
1168 1948 1207 1960 -
1233 1935 1297 1998 quo

150 2017 258 2080 verbis
287 2016 358 2082 Vita
380 2036 475 2098 quam
497 2018 539 2080 sit
560 2016 656 2080 brevis
680 2016 778 2098 capita
799 2017 894 2080 simut
917 2016 1043 2082 adiecto
1071 2017 1208 2083 dimeter
1232 2041 1297 2085 cre·

150 2125 233 2189 tiens
256 2146 328 2189 cum
352 2123 493 2206 tripodis
517 2123 682 2187 trochaica
701 2122 841 2187 efficitur
859 2160 901 2169 -
921 2123 1032 2187 eadem
1054 2123 1183 2189 ratione
1205 2146 1298 2210 prae·

152 2232 302 2315 mittitur,
327 2253 390 2314 qua
410 2229 581 2295 Terentius
600 2230 690 2293 velut
709 2229 742 2293 in
761 2229 843 2294 And.
863 2229 938 2313 686,
960 2229 1042 2294 Eun.
1062 2230 1114 2296 86.
1134 2229 1211 2295 505.
1232 2232 1297 2296 730

151 2337 328 2422 particulae
356 2336 460 2401 Eleia
488 2336 749 2420 quaestiunculas
782 2336 971 2419 praemittit.
1015 2335 1123 2411 Quare
1157 2357 1229 2401 curn
1260 2359 1298 2401 ex

150 2445 222 2528 ipso
247 2447 398 2508 contextu
421 2464 625 2528 nequaquam
649 2441 830 2506 necessario
854 2442 891 2506 de
914 2441 1032 2507 lacuna
1050 2443 1101 2506 vel
1124 2442 1236 2526 potius
1260 2443 1298 2508 de

151 2552 275 2615 lacunis
299 2556 374 2634 post
397 2574 424 2615 v.
445 2549 510 2615 725
534 2547 714 2613 statuendis
738 2548 946 2633 cogitandum
976 2548 1032 2632 sit,
1055 2547 1297 2631 discrepantem

151 2679 300 2723 versuum
328 2679 496 2722 numerum
524 2660 592 2719 tam
620 2657 654 2719 in
681 2656 713 2718 A
742 2677 838 2739 quam
867 2656 901 2719 in
923 2655 956 2720 P
977 2677 1014 2720 ex
1043 2655 1171 2719 diversa
1200 2656 1298 2720 versi·

151 2765 295 2829 culorum
319 2765 352 2827 in
376 2764 502 2828 cantico
527 2761 735 2846 discriptione
758 2760 974 2844 repetiverim.
1011 2760 1116 2837 Quam
1139 2761 1297 2827 habemus

152 2872 206 2956 qui
229 2871 327 2955 paulo
352 2871 533 2936 accuratius
557 2868 756 2933 definiamus.
789 2865 876 2931 Nam
898 2891 928 2932 v.
949 2868 1012 2933 737
1028 2890 1075 2952 sq.
1099 2890 1175 2933 cum
1199 2869 1298 2934 rerba

151 2978 236 3042 male
260 2978 305 3043 sic
329 2977 570 3063 distinguantur
593 2976 626 3038 in
650 2974 699 3039 B:

174 3102 235 3168 Sed
259 3101 348 3168 Simo
372 3103 420 3167 ita
441 3124 526 3167 nunc
550 3106 666 3166 uentus
689 3078 805 3166 nauem

173 3210 331 3274 Deseruit.
362 3215 404 3275 Sl.
429 3209 504 3294 quid
529 3208 600 3274 est?
625 3207 785 3291 quomodo
810 3207 951 3290 pessimo

149 3335 326 3402 rectissime
343 3334 556 3418 probantibus
572 3332 720 3397 omnibus
736 3329 935 3395 Ritschelius
952 3353 990 3395 ex
1004 3330 1170 3415 prioribus
1189 3337 1295 3417 septe·

149 3442 275 3507 narium
300 3442 500 3507 trochaicum
524 3440 667 3505 restituit
690 3439 769 3503 duce
790 3436 976 3502 Camerario
1000 3437 1054 3520 (ci.
1074 3460 1103 3503 v.
1119 3436 1215 3525 740):

173 3567 248 3650 Sed,
273 3565 375 3649 Simo,
398 3567 445 3629 ita
468 3587 553 3629 nunc
577 3565 691 3628 uentus
715 3584 831 3627 nauem
856 3562 1045 3646 <ndstram>
1069 3561 1224 3627 deseruit
1254 3561 1297 3627 81.

1000 3669 1086 3746 Quid
1110 3668 1183 3733 est?

150 3803 209 3878 Qui
230 3802 314 3886 quod
333 3805 471 3865 nostram
490 3798 683 3882 supplerunt
701 3796 734 3859 in
755 3796 817 3860 line
837 3794 984 3859 versiculi
1004 3794 1039 3857 in
1052 3792 1087 3857 B
1105 3793 1297 3878 abscissum,

238 4048 264 4117 ⁸¹³)
283 4047 406 4101 Permiro
426 4062 517 4100 errore
538 4044 709 4099 Ritschelius
728 4045 757 4097 in
770 4043 899 4112 Parergis
918 4060 945 4112 p.
956 4046 1008 4096 458
1028 4040 1195 4111 supplebat:
1214 4058 1297 4110 quan

149 4148 212 4185 rrrox
231 4161 262 4169 -
282 4129 420 4198 aequitiae
439 4133 502 4181 tuae
520 4141 636 4196 poenum
655 4124 731 4180 lues?
751 4123 796 4179 vel
814 4125 845 4177 irs
863 4123 965 4177 malam
981 4137 1088 4176 cracem
1105 4120 1181 4176 iota?
1200 4120 1296 4190 (idque

150 4210 281 4278 repetivit
304 4208 452 4263 Lorenziua
475 4206 505 4260 iu
529 4204 742 4274 commentario)
765 4221 817 4258 nec
835 4202 926 4258 minus
950 4199 1189 4272 mireVssingius
1210 4217 1296 4271 quae—

150 4290 270 4344 stionem
294 4287 436 4356 intellegit
455 4288 488 4340 de
512 4288 595 4341 rebus
614 4283 829 4351 Philolachetis,
849 4299 918 4352 quas
942 4280 1055 4335 luxuria
1079 4281 1159 4336 brevi
1183 4281 1297 4336 absum·

149 4374 228 4440 ptum
257 4371 291 4424 iri
320 4367 477 4438 suspicetur
501 4366 585 4421 Simo.
623 4367 695 4420 Nam
719 4383 752 4419 ex
777 4378 883 4418 conexu
912 4362 1118 4418 sententiarum
1143 4363 1229 4432 patet
1256 4358 1298 4415 Si·

150 4468 259 4505 monem
278 4465 425 4525 quaerere:
445 4465 527 4516 quum
545 4465 607 4502 mox
626 4478 659 4487 —
679 4447 817 4514 incipietis
832 4442 1009 4514 perpraecari
1026 4442 1125 4499 denuo.
