2910 5528
68 655 208 706 441-444
549 649 737 706 APPENDIX
1152 649 1215 713 167

67 814 255 872 Puaoeecm
279 814 455 870 continuatos
481 814 531 868 boc
557 813 654 868 adine
680 812 821 868 collocavit
850 811 880 866 u
910 813 1083 883 prioremque
1106 816 1214 882 partem

65 913 89 952 n.
108 900 159 951 241
181 898 257 962 (eum
271 911 326 965 pro
344 911 407 949 eam
425 897 565 964 reponens)
586 893 774 948 Pureuuerro
792 895 938 948 adiunxit:

83 975 124 1030 Vt
139 975 238 1032 uideas
256 991 322 1030 eum
338 972 503 1029 medullitus
520 988 567 1028 me
585 975 687 1043 amoro.
713 972 818 1030 Pffluo.
839 972 891 1042 Oh,
910 972 1015 1043 probus
1034 972 1120 1027 hamb
1139 989 1214 1026 sum:

83 1056 161 1122 Quae
181 1058 233 1126 prb
251 1071 298 1110 me
316 1071 430 1110 caueam
448 1055 563 1122 diceret,
582 1056 732 1124 putrbnum
750 1054 878 1111 liberiani.
915 1076 942 1129 ρ

82 1134 194 1206 Edepol
212 1134 238 1190 si
255 1135 302 1190 uel
320 1139 428 1191 summo
446 1134 507 1191 Ioui
526 1151 559 1190 eo
578 1135 696 1204 argento
716 1136 932 1202 sacruficatum,

81 1216 137 1272 Pto
154 1216 235 1271 illius
254 1213 347 1285 capite
366 1215 440 1284 quod
459 1215 535 1283 dodi,
555 1230 705 1283 numquam
725 1216 813 1284 aeque
832 1215 861 1268 id
881 1215 952 1269 bene
971 1214 1114 1269 locassem.

64 1297 121 1353 ‘De
138 1297 192 1352 bae
209 1296 421 1366 nampoeitione
439 1302 500 1350 241.
519 1300 581 1349 tte.
596 1298 657 1348 244.
672 1299 723 1348 242
743 1296 860 1367 capitati
875 1299 975 1364 posset,
992 1295 1018 1347 εἰ
1037 1293 1090 1358 Qui
1112 1293 1213 1363 edepol

63 1378 106 1432 cel
123 1377 200 1431 Nam
219 1375 321 1446 edepol
338 1378 470 1446 scriptmn
488 1381 561 1431 esset.
591 1373 713 1429 Ueterum
730 1376 763 1429 in
779 1377 870 1431 verbis
885 1375 921 1429 oh
935 1374 1038 1444 probus
1052 1373 1137 1428 homo
1151 1390 1212 1428 sum

62 1457 174 1528 aliquid
196 1457 260 1511 uitii
282 1456 360 1524 latet,
381 1472 436 1526 pro
459 1457 558 1526 quibas
581 1457 634 1510 tale
657 1456 787 1524 quiddam
813 1460 985 1526 eupectatur:
1007 1460 1058 1509 aut
1077 1455 1113 1509 oh
1134 1456 1213 1509 catus

61 1538 151 1592 homo
170 1553 233 1591 eum
250 1541 300 1590 ant
319 1537 357 1590 oh
374 1535 480 1606 probus
498 1553 560 1589 sum
579 1550 632 1603 ego
651 1537 768 1603 emptor.
801 1536 831 1590 V.
848 1541 899 1590 343
916 1536 939 1590 si
954 1552 1063 1589 summo
1083 1551 1135 1604 ego
1152 1534 1213 1590 Ioui

61 1617 133 1674 illoc
154 1621 273 1688 argento
293 1615 475 1673 Camerarius.
504 1631 557 1686 ego
576 1615 601 1670 si
614 1632 721 1669 summo
736 1614 797 1670 Ioui
812 1615 864 1671 illo
879 1618 996 1686 argento
1013 1614 1211 1675 Fleckeisenus.

61 1697 159 1754 aaut
176 1702 242 1752 cunt
260 1696 398 1752 Rostiona
416 1713 447 1766 p.
466 1700 523 1753 132
535 1696 602 1766 epp!
622 1694 659 1749 u.
699 1692 740 1762 Ofl
762 1695 926 1751 Duebnerue
948 1697 981 1749 in
1003 1696 1089 1751 Iabni
1106 1696 1211 1751 Annal.

57 1778 157 1848 philol.
175 1776 227 1833 IV
237 1796 269 1848 p.
283 1781 351 1843 232,
369 1775 520 1832 Muellerus
538 1777 615 1832 Pras.
631 1794 661 1846 p.
676 1781 742 1842 291,
762 1776 891 1832 Kloteiue
906 1795 937 1846 p.
955 1782 998 1832 54.
1036 1778 1060 1831 oi
1080 1777 1212 1833 summati

61 1857 124 1912 Ioui
142 1872 177 1911 eo
191 1858 310 1928 argento
325 1856 485 1927 Spenpeliue
498 1857 600 1912 Plrilol.
617 1857 712 1910 XXV
724 1875 754 1926 p.
769 1862 824 1912 170
838 1860 884 1928 (cs.
902 1858 1029 1911 XXIII
1045 1876 1071 1928 p.
1083 1860 1158 1927 675).
1187 1858 1213 1913 si

61 1954 175 1993 eummo
194 1935 256 1993 Ioui
274 1936 376 1992 bouem
395 1935 446 1991 illo
465 1942 581 2006 argento
603 1935 732 2008 Buppr'us
750 1939 890 2008 eademqne
909 1939 1045 2007 probante
1063 1938 1152 1993 boues
1170 1955 1212 1993 ur·

60 2020 151 2088 ganto
169 2033 203 2072 eo
226 2015 372 2086 Vesinpiue
395 2017 478 2087 (qnod
496 2032 553 2071 non
571 2017 663 2071 minus
680 2024 750 2073 reete
774 2036 856 2087 paam
874 2023 1050 2074 commentam
1068 2019 1214 2075 Ilitscbelii

61 2096 232 2166 improbauit
243 2095 397 2166 Lampenue
413 2096 526 2152 ‘Beitr.'
538 2113 569 2166 p.
584 2097 641 2166 76).
659 2128 690 2137 -
711 2097 743 2153 V.
758 2104 818 2155 241.
834 2098 873 2152 Vt
889 2097 980 2167 uideo,
1000 2114 1063 2153 eum
1076 2099 1211 2169 Buppiue.

62 2177 106 2245 Of.
126 2176 191 2234 Oa.
210 2181 276 2246 849,
293 2178 330 2233 al.
349 2208 383 2218 -
408 2177 438 2232 V.
458 2182 520 2232 244.
545 2175 598 2231 Pro
626 2178 718 2247 capite
743 2177 820 2232 illius
846 2179 1033 2248 Kiesslinpius
1058 2179 1142 2233 Amal.
1164 2179 1210 2233 Pl.

56 2274 89 2328 p.
108 2261 147 2312 10
164 2258 225 2314 coll.
243 2257 319 2313 Pers.
339 2260 374 2312 36
393 2258 453 2325 (ubi
475 2257 556 2312 nulla
579 2262 617 2311 eet
639 2260 785 2327 oppositio)
809 2259 949 2327 neplepene
971 2257 1045 2324 quod
1072 2255 1138 2312 dedi
1156 2275 1211 2326 pro

59 2354 123 2393 una
144 2354 208 2394 noce
230 2353 291 2394 ema
311 2368 345 2380 -
367 2336 398 2393 V.
418 2342 479 2391 242.
503 2337 651 2409 patronam
680 2339 810 2409 (Iapetus.
833 2369 864 2378 —
891 2339 922 2393 V.
946 2344 1007 2393 246.
1027 2354 1092 2407 prae
1117 2337 1210 2393 Philo·

58 2417 176 2473 lachete
196 2416 373 2474 Oamerariue
390 2420 470 2487 (corr.
490 2419 573 2472 etiam
591 2418 751 2486 Bentleius).

152 2504 213 2552 246.
233 2497 392 2553 aasentibor
411 2497 572 2552 Lambinus.

152 2583 214 2633 241.
233 2576 320 2633 Hunc
337 2594 361 2633 o.
380 2578 575 2646 interpolatum
594 2593 654 2631 cum
670 2579 808 2648 plerisque
822 2579 902 2633 babet
919 2581 1000 2634 etiam
1017 2580 1212 2637 Tbielmannue

58 2663 91 2715 in
111 2659 270 2727 Woelfflnti
282 2658 387 2715 Arabio
403 2657 444 2711 II
450 2673 480 2726 p.
492 2661 554 2711 516.
584 2657 651 2711 Crem
665 2659 768 2714 Briaio
782 2660 799 2713 l.
814 2676 866 2713 es.
880 2677 909 2729 p.
922 2663 975 2714 195
989 2660 1042 2726 des.
1059 2660 1210 2730 Lonpenns

59 2739 142 2796 seue.
161 2739 207 2794 Pl.
223 2756 253 2809 p.
273 2744 318 2793 58.
355 2739 394 2792 At
416 2737 595 2793 nullomodo
618 2739 738 2806 quadrat
761 2733 885 2795 conuicio
910 2741 1016 2794 adiecta
1040 2743 1077 2794 ad
1098 2759 1209 2812 praecc—
1307 2733 1311 2742 '

59 2822 187 2877 dentium
211 2835 338 2874 uersuum
360 2821 528 2875 sententiam.
568 2818 623 2888 Qui
646 2820 729 2886 terail
750 2820 881 2873 substitui
898 2822 985 2874 uoluit
1003 2823 1124 2877 uersibus
1141 2827 1209 2878 224.

59 2905 121 2956 225
140 2902 179 2956 aa
192 2900 410 2955 continuandam
428 2901 545 2954 duorum
557 2915 683 2955 emerium
697 2901 921 2970 stiobomptbiam.
947 2901 1015 2955 Victo
1026 2905 1115 2970 praef.
1141 2902 1210 2958 Mon

59 2980 138 3036 Cedo
157 2979 197 3034 mi
216 2981 298 3035 etiam
317 2979 466 3034 Bentleius.

151 3059 303 3115 24241044
324 3076 378 3129 pro
405 3057 457 3113 sim
483 3060 617 3128 Bolbiue,
642 3060 784 3115 Bentleius
810 3064 925 3131 (seruato
952 3061 1062 3117 ueniat:
1085 3081 1210 3134 proquo

58 3140 160 3196 ueniet
182 3139 319 3211 Gupetae:
342 3141 376 3206 cf.
402 3140 440 3194 ab
464 3156 489 3194 o.
511 3143 571 3207 57),
596 3142 690 3195 eitioee
714 3143 770 3209 (sed
792 3143 893 3210 recepit
917 3142 1080 3213 Vesinpius).
1116 3144 1210 3200 Possis

60 3220 248 3293 <Ex)omata
264 3220 306 3275 ael
323 3217 430 3293 (mox)
444 3237 529 3288 quom
548 3221 602 3275 huc
621 3218 732 3275 ueniat.-
749 3223 796 3275 sed
813 3223 849 3289 cf.
864 3220 1026 3292 Seyffertum
1041 3222 1126 3278 ‘Berl
1141 3226 1208 3294 pbil.

61 3300 181 3357 Weobr!
207 3299 234 3351 V
244 3316 275 3369 p.
295 3303 358 3354 996.

150 3384 211 3434 251.
230 3396 315 3448 quom
337 3381 399 3434 tute
422 3379 451 3432 Ἡ
470 3382 606 3448 probante
628 3356 780 3436 Lnebberto
807 3382 887 3437 Sturl.
908 3400 1022 3452 pronum.
1042 3385 1084 3437 II
1096 3402 1125 3455 p.
1146 3391 1208 3441 118.

58 3465 127 3530 249,
156 3461 205 3514 al:
234 3459 285 3514 ubi
310 3475 382 3528 quas
409 3460 471 3513 tute
499 3461 558 3514 coll.
585 3460 644 3545 Ver.
669 3463 722 3516 Aul.
748 3465 804 3517 402
826 3465 978 3519 viridicaoit
1003 3463 1155 3533 Vesinpius.
1176 3498 1207 3506 -

59 3541 199 3612 speculo's
213 3539 355 3608 specimen
370 3539 407 3595 Il.
437 3540 578 3609 speculam
593 3541 737 3609 speculum
754 3558 782 3595 es
799 3543 936 3614 Berplius
953 3545 1052 3613 Opuec.
1068 3544 1090 3596 I
1100 3562 1128 3613 p.
1143 3549 1207 3601 678.

60 3623 100 3676 Ar
114 3623 150 3688 cs.
167 3620 332 3674 Ribbecleins
346 3622 377 3674 in
398 3620 498 3688 lVoelff
500 3623 552 3675 lini
565 3622 668 3676 Arellio
684 3622 725 3675 II
733 3640 763 3691 p.
779 3629 848 3691 122,
867 3625 923 3679 Leo
943 3626 1025 3681 Vinci.
1042 3627 1086 3682 Pl.
1096 3645 1126 3697 p.
1142 3633 1208 3698 8sp.

60 3733 94 3742 -
115 3701 173 3755 ‘De
190 3716 319 3755 maxume
337 3701 446 3767 frustra
463 3701 606 3770 copitobis'
627 3700 664 3755 It.
699 3702 821 3758 Ceterum
837 3710 919 3760 antea
933 3707 1023 3776 specil
1035 3723 1086 3775 pro
1101 3709 1209 3776 spernit

60 3782 209 3838 Tarmia
227 3796 288 3834 cum
313 3780 403 3847 Valla,
424 3780 461 3834 al.

151 3866 250 3931 26940.
275 3860 374 3914 ferculi
396 3858 450 3913 tibi
468 3861 525 3927 fnit
547 3877 609 3915 cum
631 3863 783 3928 ‹lesenderot
802 3863 933 3920 Bolbius:
958 3867 1007 3919 ubi
1024 3867 1095 3921 inter
1115 3868 1207 3936 peculi

56 3950 83 3999 et
98 3943 245 4012 speculum
260 3942 350 3995 lusum
361 3941 473 3994 inanem
487 3942 584 3995 statuit
598 3941 718 3997 Ellisius
734 3943 843 4000 ‘Journ
856 3946 1003 4013 ospbitol.'
1017 3946 1091 3999 XII
1099 3964 1128 4014 p.
1141 3953 1209 4013 260,
1321 3939 1328 3951 ⁰

56 4040 121 4080 cum
138 4023 232 4092 potius
250 4021 366 4075 ludutm
384 4037 417 4074 ea
435 4021 497 4088 ipsa
510 4023 584 4075 uocis
597 4022 739 4092 peculium
754 4025 932 4094 ambipuitote
950 4026 995 4092 (cs.
1011 4024 1110 4079 Peeucl.
1127 4030 1207 4091 1189,

57 4106 117 4172 ab).
155 4102 252 4157 Iocum
274 4099 352 4170 παρὰ
375 4102 549 4171 προσδοκίαν
572 4119 627 4157 non
650 4105 831 4174 intellepcntee
850 4103 1050 4157 Philematium
1076 4121 1138 4157 mea
1152 4123 1207 4173 pro

56 4183 257 4242 mammem
282 4183 429 4252 separabat
456 4183 589 4249 Botbiue,
614 4201 668 4252 pro
696 4185 906 4254 interpolatione
939 4185 1054 4239 babebat
1087 4185 1206 4239 Britael-

56 4264 184 4335 mayrine
202 4264 332 4317 lacunam
350 4269 479 4318 statuens.
500 4294 533 4303 -
552 4263 755 4319 Philematium
775 4283 846 4334 mea,
866 4265 921 4320 Suo
940 4265 1064 4333 quidque
1086 4265 1147 4319 loco
1163 4269 1207 4320 est

55 4347 198 4402 Scaeuae
220 4344 308 4397 tribui
322 4360 401 4412 posse
419 4345 566 4399 Acidaliae
580 4347 713 4414 putabat:
739 4362 791 4414 quo
809 4346 877 4423 (luce
895 4362 928 4400 ea
947 4345 1037 4399 Nonii
1055 4347 1205 4402 testimonio

56 4426 135 4479 Satn
163 4423 286 4491 quidque
313 4423 421 4479 locust?
456 4423 521 4479 uide
549 4425 696 4494 capillum,
725 4425 799 4480 sttiu
825 4424 1010 4493 compositust
1041 4427 1205 4482 commodo?

55 4507 133 4561 omit
151 4503 181 4557 Ἠ
202 4505 330 4572 imnum,
353 4506 399 4559 secl
419 4503 473 4558 Suo
495 4512 520 4560 et
538 4508 657 4575 capillus
676 4507 881 4561 Kretscbmerus
901 4508 1009 4576 Quaeet.
1032 4506 1075 4562 Pl.
1091 4525 1121 4577 p.
1138 4514 1203 4580 540.

54 4585 240 4656 probantibus
258 4585 408 4640 Bocbscbio
431 4589 464 4641 cle
487 4593 596 4642 attract.
612 4605 642 4656 p.
658 4592 695 4641 32
714 4591 739 4640 et
756 4585 875 4640 Beatero
896 4588 928 4640 in
946 4587 1067 4642 Studem.
1086 4587 1165 4644 mua.
1186 4591 1208 4644 I

53 4686 82 4737 p.
99 4671 202 4735 16840.
242 4666 298 4719 suo
317 4664 420 4735 quiquo
440 4666 501 4722 loco
520 4670 583 4722 uide
608 4667 726 4737 capillus
742 4657 825 4720 'obtin
845 4667 1030 4736 compositust
1050 4671 1202 4725 cbmmode.

54 4747 211 4802 Muellerus
230 4745 308 4801 Pros-
324 4764 354 4815 p.
375 4751 429 4801 139
448 4749 568 4816 italique,
588 4749 634 4802 sod
653 4746 829 4815 commodet,
848 4747 983 4818 Buppins.
1022 4749 1063 4817 Of.
1083 4752 1205 4807 Doeder-
