2910 5528
257 317 349 374 XXIV
728 317 934 374 PRAEFATIO

258 518 300 528 -
327 483 422 550 1319.
452 481 561 549 ‘facioz
590 488 627 548 ut
654 483 759 568 pietas
784 481 838 548 sit'
867 480 934 570 (vel
956 479 1044 567 ἐπ’)
1071 479 1145 546 ‘Ple
1174 481 1277 558 Quam
1302 481 1407 568 sepis'

257 588 452 655 Redslobius
477 589 529 655 Ἥ.
551 589 670 656 Philol.
694 588 901 656 Rundscheu’
925 589 990 655 vol.
1012 587 1060 653 VI
1082 610 1115 674 p.
1140 588 1212 654 181.
1235 588 1346 654 ‘facior
1371 588 1410 654 ni

258 696 362 779 pietas
385 706 831 772 o-o-u-o-o-o-o-o
855 698 930 763 scio.
966 696 1029 761 PL.
1044 694 1128 761 Sane
1142 695 1241 780 sepis'
1264 694 1407 781 Seyffer-

257 807 320 869 tus.
333 842 377 850 —
394 805 488 869 1344.
510 804 577 870 PY.
598 803 659 869 Sed
679 805 755 890 quid
773 804 858 870 hoc?
894 802 989 868 PAL.
1012 802 1100 879 Quae
1123 802 1196 868 res?
1231 801 1300 866 PY.
1318 802 1406 878 Quid

258 910 374 975 uideo?
411 909 475 977 PL.
500 911 526 976 Ο
551 912 619 996 lux,
643 912 742 976 selus.
779 910 894 977 PHIL.
919 909 1036 976 Saluos
1059 909 1115 976 sis’
1138 931 1241 995 nuper
1265 908 1403 994 Seyffer-

258 1021 321 1081 tus.
344 1053 387 1062 -
413 1017 507 1082 1388.
531 1016 714 1103 ‘inpedibit'
738 1016 832 1083 idem.
856 1053 898 1063 —

347 1123 480 1189 Praeter
498 1125 577 1190 hsce
596 1124 742 1189 addenda
761 1146 876 1189 moneo
896 1145 936 1188 ne
955 1124 1171 1209 neglegantur
1190 1144 1272 1208 quae
1290 1147 1322 1209 p.
1336 1122 1403 1189 235

259 1236 403 1297 correcta
422 1236 506 1298 sunt.
525 1269 567 1280 —
582 1231 718 1297 Lineola
736 1235 924 1297 transversa
942 1253 1040 1315 quam
1059 1230 1093 1295 in
1112 1231 1215 1296 altere
1232 1235 1326 1315 parte
1346 1231 1404 1294 ali-

258 1339 407 1423 quotiens
428 1339 556 1423 signum
576 1337 733 1404 orationis
751 1361 817 1404 non
837 1338 1001 1423 perfectae
1015 1360 1085 1402 esse
1099 1338 1187 1403 volui
1205 1359 1403 1421 consequen-

258 1449 310 1509 ter
337 1446 436 1511 etiam
464 1446 516 1511 his
543 1446 690 1512 versibus
717 1445 879 1511 reddenda
906 1449 970 1510 est:
999 1445 1051 1511 38.
1079 1446 1153 1510 542.
1176 1482 1220 1490 —
1242 1444 1281 1509 In
1304 1443 1404 1508 rebus

256 1552 517 1638 orthographicis
532 1553 667 1618 eandem
684 1575 833 1618 normam
853 1560 983 1618 secutus
1004 1575 1076 1617 sum
1095 1574 1193 1637 quam
1207 1551 1337 1635 saepius
1357 1552 1406 1615 in·

252 1660 369 1725 dicavi:
393 1661 502 1746 itaque
521 1680 640 1727 arroso
664 1665 697 1726 et
718 1681 846 1740 arcesso,
867 1682 946 1743 quor
969 1664 1002 1725 et
1028 1681 1083 1725 our
1106 1663 1139 1724 et
1163 1658 1285 1724 similia
1309 1659 1406 1742 posui

255 1789 294 1831 ex
317 1766 474 1831 librorum
497 1767 704 1833 testimoniis.

340 1909 452 1977 Iense
475 1931 584 1974 mense
608 1908 743 1975 Octobri
767 1933 795 1976 e
820 1907 1036 1976 MDOOOXO.

1206 2031 1246 2100 (1.
1273 2030 1315 2100 G.
