2910 5528
136 663 277 712 222-222
609 658 795 716 APPENfflx
1213 666 1276 731 135

135 836 160 887 p.
180 824 246 884 661,
266 825 323 874 tam
341 818 491 890 Seytt'ertae
509 821 609 876 Philet.
629 820 760 876 XXVII
775 837 802 890 p.
822 825 876 877 457
894 821 1089 894 Richterneqne
1107 826 1139 879 in
1157 825 1275 882 Stadem.

135 899 215 953 send.
230 899 252 952 I
264 917 292 967 p.
306 903 374 954 422.
390 904 452 954 540.

223 983 283 1032 218.
306 978 362 1034 ‘De
383 977 509 1048 profecto
534 997 594 1036 eeee
616 983 649 1036 ct
674 981 755 1034 decet
776 982 835 1036 noti
857 983 986 1051 22222222
1011 981 1048 1038 Β.
1087 985 1172 1040 Peius
1194 987 1276 1041 etiam

135 1057 236 1113 Vtteor
254 1073 307 1127 ego
327 1059 388 1113 6222
405 1059 531 1128 profecto
546 1076 591 1114 me
605 1062 637 1113 ut
652 1059 734 1115 decet
747 1060 872 1116 Bottine.
903 1061 944 1130 (11.
959 1062 1121 1133 8222221222
1137 1064 1167 1118 Τ.
1184 1066 1227 1122 Μ.
1242 1067 1275 1120 Ρ.

135 1155 157 1207 ρ.
172 1143 236 1194 161.
249 1143 313 1207 111,
328 1137 465 1194 02222222
480 1140 557 1195 Mne.
571 1139 657 1194 Rben.
675 1140 803 1193 XXIII
810 1158 840 1210 p.
856 1147 919 1197 565.
930 1173 963 1182 -
978 1143 1023 1197 De
1036 1142 1167 1198 nunciam
1181 1161 1205 1201 2.
1219 1150 1275 1202 215

135 1219 168 1286 21.
187 1219 227 1273 ad
247 1217 339 1273 Tria!
353 1223 379 1274 3.

222 1302 282 1352 216.
303 1296 363 1363 Quo
387 1297 449 1353 abis
475 1300 602 1369 Pylades.
636 1297 696 1363 Quo
720 1301 748 1352 22
771 1299 832 1368 agie
853 1300 976 1372 8222122
999 1320 1061 1359 cnm
1078 1303 1117 1359 Η.
1137 1303 1274 1373 Stephano

135 1383 157 1432 a
175 1377 282 1432 Doara.
312 1376 372 1442 Quo
391 1377 453 1449 agie
473 1382 502 1433 te
516 1378 545 1432 12
564 1381 595 1433 in
613 1381 653 1433 ed.
673 1381 787 1446 (addent
807 1382 874 1437 ‘non
891 1384 960 1438 mate
976 1384 1132 1438 Acidaliae.
1159 1389 1275 1440 22122222

135 1456 209 1511 tend
222 1458 322 1526 paullo
340 1458 489 1513 lenioribus
506 1460 627 1514 numnis
645 1459 710 1514 tatis
724 1477 816 1515 verens
830 1463 914 1528 fluat:
933 1461 993 1526 Quo
1008 1461 1069 1531 agie
1083 1465 1129 1516 221
1150 1460 1210 1526 Quo
1224 1465 1274 1519 td?

135 1537 184 1591 Dic
201 1540 271 1593 2222.
295 1536 375 1592 Prtor
393 1538 500 1607 rogaui.
524 1539 563 1592 At
581 1539 647 1606 poet
664 1537 777 1607 scice’).
808 1539 887 1605 Quod
906 1539 967 1606 agis
986 1539 1057 1594 Nor.
1077 1556 1133 1596 eac.
1148 1542 1170 1593 Ι
1182 1559 1212 1610 p.
1227 1548 1273 1598 86.

135 1649 164 1658 -
184 1617 233 1673 So.
253 1618 305 1673 Dic
323 1621 361 1672 tu.
381 1616 433 1672 Pa.
453 1617 505 1672 Dic
523 1620 563 1673 tu.
584 1619 629 1673 Sc.
649 1618 728 1672 Prior
746 1618 896 1684 Bentleiue,
920 1618 1046 1674 Weieiae.
1077 1620 1122 1674 So.
1143 1618 1210 1676 Dice
1229 1623 1273 1676 tu:

135 1700 210 1767 prior
223 1699 350 1753 Botbine.
370 1695 417 1752 80.
432 1696 484 1753 Dic
502 1700 534 1752 tu
552 1699 640 1768 prior:
660 1697 737 1768 prior
753 1702 789 1767 (et
803 1698 863 1764 Qua
878 1699 949 1768 2212)
964 1698 1095 1754 Ktoteiae
1106 1716 1135 1768 p.
1150 1705 1194 1755 57.
1209 1708 1273 1757 211.

135 1779 171 1832 dt
189 1779 226 1845 21.
246 1778 412 1833 Muellerum
433 1779 512 1833 Proe.
526 1795 557 1847 p.
573 1783 676 1848 13222.
696 1784 720 1832 et
738 1779 799 1834 aide
812 1781 902 1848 praes.

221 1862 282 1913 217.
301 1855 381 1911 Vado
399 1874 451 1927 ego
466 1857 533 1913 hinc
549 1857 679 1928 62221222.
699 1859 739 1913 Eo
754 1857 869 1926 quidem
882 1856 948 1913 hinc
965 1858 1091 1928 Pyladea.
1111 1859 1149 1914 Et
1162 1861 1275 1928 quidem

135 1952 185 2006 ego
209 1951 243 1991 22
267 1936 333 1991 hinc
354 1936 539 2004 11222ᾱί12222
558 1954 586 2006 p.
606 1943 653 1993 21.
674 1968 706 1978 -
728 1938 848 2008 ‘Abeona
869 1939 960 2007 spatio
978 1938 1027 1994 itio
1044 1939 1077 1994 in
1094 1939 1184 1994 BOD
1202 1947 1275 2007 22222,

135 2017 297 2086 eraderem
321 2015 381 2082 Quo
407 2019 439 2070 tu
467 2031 546 2084 ergo,
567 2017 668 2071 ecelue’
693 2016 722 2070 11
746 2023 842 2085 postea
866 2015 946 2082 Quod
972 2033 1039 2087 ergo
1062 2020 1180 2074 suadens
1202 2021 1272 2076 Noa.

135 2114 188 2152 cce.
205 2096 228 2150 Ι
240 2114 270 2164 p.
285 2099 322 2151 80
340 2112 401 2151 cnm
422 2094 535 2166 622222.
569 2101 728 2166 ergaque?
752 2096 803 2150 ΡΑ.
824 2096 982 2166 21222222,
1007 2096 1098 2152 222122
1117 2099 1275 2170 8222221222

135 2176 161 2229 I'.
182 2174 225 2230 M.
245 2176 278 2229 Ρ.
301 2192 331 2244 p.
350 2179 417 2230 226.
461 2177 521 2242 Quo
544 2178 576 2230 tu
599 2193 666 2245 ergo
690 2177 726 2242 ie,
756 2177 845 2230 222122
874 2177 1068 2245 Kellerbosftne
1095 2179 1127 2232 in
1154 2178 1273 2234 Stndem.

135 2256 209 2310 &tad
226 2255 269 2308 ΙΙ
282 2272 312 2323 p.
329 2259 371 2310 75.
406 2254 513 2321 Quoto
532 2256 602 2324 agie,
622 2257 710 2311 222122
736 2256 888 2327 Verinyine.
923 2256 984 2321 Quo
1003 2264 1088 2324 ergo?
1106 2256 1158 2312 ΡΑ.
1178 2257 1274 2313 Scelus

135 2335 259 2391 [121ιί22
282 2339 388 2402 11128
415 2337 521 2391 tradita
549 2353 609 2390 enm
635 2337 712 2392 vitiis
739 2337 892 2402 defendere.
936 2334 977 2402 01.
1007 2335 1171 2391 Muellerum
1195 2338 1272 2393 Prae.

135 2434 153 2470 r.
168 2418 234 2472 584.
249 2419 303 2470 661
322 2419 349 2468 et
367 2415 429 2470 aide
443 2416 532 2484 praef.
570 2454 575 2462 -

221 2499 281 2550 118.
305 2494 342 2549 Ni
370 2493 458 2550 sciero
486 2494 563 2565 prius
587 2494 700 2550 112222
724 2496 836 2566 Pylade.
874 2493 938 2548 Niei
964 2496 1041 2564 prius
1068 2496 1156 2551 sciero
1180 2497 1272 2567 Brae-

135 2591 248 2630 nannae
271 2575 304 2629 de
325 2584 360 2626 m
376 2577 478 2642 partie.
497 2592 528 2644 p.
549 2580 566 2628 5
588 2576 744 2645 obloquente
766 2576 897 2647 Seyfferto
920 2575 1005 2630 Bure.
1028 2577 1133 2632 Annal.
1153 2576 1272 2631 LXIII

135 2675 151 2711 r.
167 2660 209 2712 27
224 2655 289 2710 adn.

218 2740 278 2790 219.
299 2750 352 2803 ego
375 2749 409 2787 ex
432 2735 461 2787 te
479 2733 509 2788 'R
532 2736 563 2788 in
581 2736 621 2789 ed.
639 2741 701 2803 poet
719 2735 944 2804 Kamprnennam
958 2740 1055 2804 222122
1074 2752 1107 2788 ex
1126 2735 1175 2790 ted
1190 2753 1270 2806 prae·

135 2817 217 2871 'erem
236 2814 306 2868 Noa.
325 2829 380 2867 eac.
395 2813 416 2866 I
428 2832 457 2883 2.
472 2817 510 2869 38
528 2832 589 2869 cnm
608 2814 721 2883 Gayeto.

219 2899 279 2948 110.
299 2893 425 2948 12222221
445 2894 491 2948 SO.
510 2894 626 2947 Iteneet.
646 2894 700 2948 Leo
714 2894 809 2948 Herm.
826 2892 941 2947 XVIII
949 2911 978 2961 2.
994 2898 1048 2949 575
1067 2896 1181 2964 21222222
1195 2894 1270 2966 8221-

135 2977 222 3030 enne.
255 2973 380 3027 Itaneet?
409 2973 454 3028 So,
479 2973 558 3027 12222
583 2975 685 3042 probat
713 2989 805 3027 censor
829 2973 906 3044 ‘pnit
929 2974 1012 3029 Ant?
1035 2974 1139 3027 XVII
1157 2991 1188 3043 p.
1207 2979 1270 3030 163.

135 3057 169 3122 71.
191 3054 345 3108 Warrenns
367 3054 495 3107 ‘Ameria
510 3053 606 3119 joann.
626 3054 659 3118 21
672 3053 750 3121 22113
768 3053 810 3104 ΙΙ
823 3071 853 3122 p.
868 3058 904 3106 65
914 3069 978 3122 222,
993 3058 1030 3108 70
1043 3053 1109 3109 ada.
1127 3060 1153 3109 et
1170 3053 1269 3109 Schra-

135 3136 210 3190 12222
228 3134 261 3187 de
280 3140 332 3183 -nE
345 3135 447 3202 portic.
464 3151 493 3201 p.
509 3135 546 3187 38
560 3132 661 3203 [2921.
675 3164 706 3170 -
721 3131 804 3185 Mela.
826 3131 871 3186 So,
887 3133 1011 3186 Sceleete
1026 3133 1156 3203 Gayetne.
1185 3134 1269 3188 Mela.

135 3215 173 3268 tc.
201 3212 342 3266 Sceleetue
364 3213 490 3268 Botbine.
528 3210 635 3266 Mata's.
665 3211 710 3266 So.
735 3210 874 3265 Sceleetue
900 3211 1014 3266 OIeenne
1035 3213 1068 3266 de
1090 3214 1160 3267 aerb.
1185 3214 1267 3268 rubet.

135 3312 153 3348 r.
172 3297 219 3348 31.
257 3292 299 3358 01.
326 3293 478 3346 Muellerae
502 3292 578 3346 Prae.
598 3309 629 3361 p.
649 3294 714 3346 389.
740 3322 771 3330 -
797 3292 847 3344 ΡΛ.
871 3290 917 3344 Μ2
940 3292 1015 3345 haud
1039 3291 1127 3345 decet.
1158 3291 1205 3347 So,
1224 3292 1269 3347 Me

135 3375 241 3444 {uidem
264 3372 341 3426 haud
365 3373 446 3426 decet
469 3373 660 3441 Arcadiae-
679 3369 725 3424 Μ2
749 3387 819 3439 quur
843 3372 917 3426 haud
942 3372 1040 3425 decet?
1062 3370 1192 3442 Guyetae.
1224 3373 1269 3427 Me

135 3454 242 3522 quidem
267 3452 343 3505 haud
368 3453 484 3507 dedecet
508 3453 670 3507 Gronooine.
708 3450 753 3503 Me
776 3449 890 3518 quidem
914 3451 1033 3504 addecet
1056 3451 1174 3506 Botbine
1197 3454 1268 3509 otim.

135 3533 172 3588 de
191 3532 307 3601 quidem
326 3531 395 3586 Item
414 3533 534 3586 addecet
548 3531 577 3585 12
595 3532 766 3601 improbante
780 3531 899 3585 Inectneie
917 3536 1053 3586 coronent.
1065 3547 1140 3601 pros.
1156 3532 1177 3583 Ι
1184 3550 1213 3600 p.
1226 3538 1271 3599 19,

135 3631 183 3668 ron
211 3613 382 3681 improbante
410 3613 542 3684 82212212
570 3612 654 3666 Bure.
682 3610 787 3664 Annat.
812 3609 930 3663 LXIII
955 3628 984 3677 2).
1005 3616 1023 3663 8
1041 3612 1106 3664 adn.
1136 3611 1271 3667 Gronoaii

135 3695 295 3763 2222222222
317 3695 540 3762 redintegrarent
563 3692 679 3747 Raetiae
703 3690 799 3758 022222.
819 3706 850 3757 p.
868 3692 924 3743 263
938 3706 975 3758 22.
1000 3690 1057 3755 (ced
1081 3690 1131 3744 del.
1156 3691 1269 3758 quidem

135 3774 276 3829 ambianen
289 3773 460 3841 dieeribeae),
475 3773 602 3841 Bnyyine
617 3770 736 3824 ‘Tidetrn
751 3769 771 3833 1.
786 3769 837 3834 113
859 3767 904 3821 VI
913 3786 943 3836 p.
960 3772 985 3833 7,
1001 3769 1115 3838 deniqne
1128 3771 1269 3825 Abrabam

135 3855 207 3908 bend.
229 3853 275 3906 Pl.
292 3869 320 3920 p.
333 3856 390 3906 233
409 3857 434 3905 et
449 3850 652 3905 ‘Wocberrechn
671 3848 690 3913 1
712 3847 743 3901 et.
759 3846 844 3900 Pto!
866 3864 890 3899 a.
906 3850 982 3901 1885
997 3864 1026 3915 p.
1041 3851 1109 3911 272,
1128 3850 1185 3901 niet
1198 3851 1270 3915 qaod

135 3932 171 3986 de
196 3930 328 3999 equidem
351 3929 406 3983 hau
430 3929 549 3984 dedecet
571 3930 672 3983 euasit:
697 3928 743 3979 abt
766 3925 884 3979 dedecet
906 3944 924 3978 a
946 3926 1050 3979 Planta
1073 3926 1192 3980 alienam
1216 3942 1269 3980 2222

135 4009 409 4082 22222222112222
439 4008 535 4079 Neque
555 4009 629 4062 idem
650 4024 693 4061 me
713 4006 788 4059 haud
807 4004 1192 4074 (122221122262112222221.
1227 4006 1267 4071 01.

135 4092 162 4146 a
181 4108 205 4144 2.
225 4091 289 4143 221.

215 4173 277 4222 121.
296 4171 439 4221 certumne
459 4169 501 4220 est
521 4167 696 4222 Camerarius
710 4163 947 4235 2222221262211,
966 4163 1109 4234 Spenqetio
1126 4163 1155 4217 Τ.
1173 4165 1215 4218 M.
1233 4165 1267 4218 P.

135 4271 149 4305 r.
165 4253 235 4315 234,
253 4249 331 4303 aliie:
351 4253 380 4302 at
398 4249 458 4302 vide
473 4250 563 4317 praef.

216 4333 276 4382 221,
298 4325 471 4382 Offirmastin
492 4327 666 4382 Camerarius
679 4325 865 4396 probantibus
883 4323 1020 4377 omnibns.-
1046 4327 1075 4376 at
1101 4324 1161 4378 eide
1176 4326 1266 4394 praef.

135 4441 158 4451 -
179 4408 257 4477 quod
277 4405 391 4460 imbitae
406 4422 460 4475 pro
478 4423 533 4474 quo
553 4409 581 4459 te
600 4406 736 4459 immittas
758 4405 925 4458 Palmerine:
948 4401 982 4468 21.
1001 4418 1026 4455 2.
1046 4404 1107 4456 689.

216 4492 277 4541 113.
298 4486 381 4540 dicto.
402 4485 449 4540 tbi
468 4485 524 4538 iam
539 4485 569 4538 11
592 4488 622 4539 in
645 4488 684 4540 ed.
700 4489 796 4554 perrea
814 4482 908 4536 dictod
927 4482 1044 4536 2226222
1062 4481 1143 4537 ‘Noa
1164 4484 1231 4538 2223
1248 4486 1270 4537 Ι

135 4589 147 4624 r.
161 4571 200 4624 75
214 4569 372 4636 obloquente
381 4566 501 4635 Berybio
513 4566 622 4619 ‘Beitn’
635 4571 720 4633 2271).
740 4563 824 4616 dicto.
840 4561 952 4616 2211212
963 4562 1116 4616 1122112222
1127 4563 1265 4618 ‘Nectite’

135 4671 147 4706 2.
160 4653 248 4717 9622.
269 4646 341 4700 21122
357 4647 392 4713 (b.
407 4663 428 4700 e.
443 4644 520 4714 ilico)
535 4645 582 4698 abi
598 4645 651 4697 iam
670 4645 824 4698 Patareriae
836 4659 864 4710 p.
876 4646 939 4696 856.
968 4641 1042 4695 Sane
1056 4639 1132 4696 dicto
1147 4644 1267 4698 alenam

135 4751 137 4782 ;
158 4725 298 4796 formala:
317 4726 352 4790 21.
375 4724 454 4779 Tenc.
474 4729 537 4780 919.
559 4725 645 4779 Mero.
663 4727 730 4789 629,
753 4722 810 4775 Ter.
830 4722 937 4775 Pborrn.
953 4724 1017 4776 212.
1038 4721 1113 4776 Ean.
1128 4727 1191 4791 445,
1211 4721 1264 4779 oie.
