2910 5528
166 286 211 339 xi.
635 284 838 341 PRAEFATIO

164 450 192 513 si
216 450 413 533 spectaveris
432 449 653 533 rationemque
673 449 827 534 criticam,
845 450 899 514 vix
918 449 1062 514 invenies
1081 449 1158 535 quid
1178 450 1300 515 intersit

163 556 249 620 inter
272 556 328 621 Bb
351 561 383 621 et
405 556 471 640 Bc,
500 560 535 620 ut
559 556 689 620 etiamsi
715 579 829 622 manus
853 557 999 623 diversae
1021 557 1102 637 sint,
1127 557 1240 623 eadem
1262 559 1301 623 sit

164 663 341 730 auctoritas
364 664 512 748 idemque
531 668 731 728 correcturae
750 684 863 750 genus.
892 663 940 729 De
959 687 1022 749 qua
1040 687 1074 729 re
1094 687 1158 749 quo
1178 663 1299 730 facilius

162 770 297 835 indicari
320 771 438 855 possit,
460 771 521 836 hoc
546 770 617 835 loco
642 770 821 836 adscribam
847 769 1011 857 versus*),
1033 771 1089 836 ubi
1113 771 1152 835 de
1182 792 1299 836 correc-

162 878 243 941 turis
271 876 430 941 dubitatio
455 882 518 963 est,
541 899 643 961 neque
671 878 836 942 tamenin
861 883 1043 944 ceterorum
1070 878 1206 943 testium
1230 900 1298 943 con-

162 1006 257 1048 sensu
290 1005 477 1049 enumerare
515 984 605 1049 volui
637 1007 717 1069 quos
734 1017 736 1021 ’
754 984 844 1050 locos
882 983 1041 1050 Hinckius
1078 1008 1097 1049 a
1130 984 1202 1069 Ba,
1237 1007 1298 1050 non

161 1091 226 1173 Bb,
258 1095 420 1155 correctos
448 1091 542 1156 dicat.
572 1090 686 1175 Itaque
718 1112 777 1176 pro
806 1092 870 1156 Ba
895 1094 935 1155 ab
968 1091 1041 1157 aliis
1071 1092 1125 1157 Bc
1157 1095 1298 1156 notatur:

95 1225 100 1235 ·
161 1218 228 1283 arg.
255 1198 282 1260 1.
302 1197 330 1261 2.
351 1197 406 1281 1ος
430 1220 460 1263 r.
478 1198 507 1261 4.
533 1196 624 1281 9110.
651 1197 699 1263 15.
726 1199 776 1264 16.
799 1199 851 1263 20.
874 1198 926 1264 23.
950 1199 1000 1266 36.
1025 1197 1077 1263 39.
1099 1200 1152 1263 41.
1177 1199 1229 1264 61.
1251 1200 1298 1264 63.

162 1307 213 1369 71.
237 1305 287 1369 82.
313 1305 363 1369 83.
393 1305 445 1368 90.
475 1302 789 1392 102(011011111111111).
819 1306 891 1370 103.
923 1306 993 1370 106.
1026 1306 1096 1371 113.
1127 1306 1201 1371 126.
1232 1307 1298 1372 132.

162 1411 224 1476 158
250 1408 279 1496 (1
302 1410 504 1496 defecatam).
534 1412 605 1477 164.
635 1412 698 1477 185
724 1409 794 1498 (di).
823 1412 896 1477 188.
926 1411 997 1477 189.
1030 1412 1100 1477 192.
1124 1413 1201 1477 221.
1229 1413 1300 1477 227.

159 1517 234 1582 260.
262 1517 327 1580 264
352 1512 487 1603 (oraro).
515 1518 589 1583 266.
618 1519 690 1582 288.
721 1518 795 1582 290.
824 1518 899 1583 291.
927 1518 1000 1583 298.
1029 1518 1104 1582 301.
1128 1518 1203 1583 304.
1232 1519 1302 1584 305.

160 1625 224 1689 307
250 1619 418 1709 (prorsus).
447 1623 520 1689 358.
545 1625 618 1690 386.
643 1625 717 1690 388.
741 1624 815 1690 390.
840 1625 913 1689 397.
937 1625 1011 1690 410.
1034 1625 1111 1690 413.
1134 1626 1211 1691 431.
1233 1627 1305 1690 434.

158 1729 225 1795 455
248 1728 285 1816 (11
307 1751 345 1794 ex
367 1726 409 1815 e).
437 1731 511 1796 473.
539 1732 614 1795 474.
637 1732 713 1796 489.
740 1731 816 1796 496.
844 1731 910 1795 500
934 1731 965 1815 (0
989 1736 1017 1795 et
1039 1752 1070 1815 c,
1092 1752 1157 1796 non
1179 1728 1214 1815 ξ).
1242 1733 1304 1797 503

160 1833 339 1923 (monitra).
373 1838 447 1901 507.
476 1837 550 1902 528.
579 1837 651 1903 529.
681 1838 745 1902 534
770 1834 891 1923 (dego).
920 1838 994 1903 578.
1023 1837 1097 1903 582.
1128 1838 1204 1904 593.
1234 1840 1304 1903 607.

160 1945 235 2008 642.
263 1942 336 2008 675.
366 1941 615 2027 683(0111110).
643 1944 718 2008 689.
751 1942 826 2008 695.
860 1943 933 2006 704.
966 1943 1038 2007 716.
1072 1944 1135 2008 737
1153 1967 1201 2029 sq.
1235 1946 1305 2010 742.

162 2050 234 2115 750.
259 2050 334 2114 756.
358 2050 422 2115 763
438 2072 483 2134 sq.
510 2050 582 2114 794.
607 2051 681 2114 816.
707 2049 779 2115 825.
804 2050 865 2114 831
888 2046 934 2136 (m
955 2049 1131 2115 irradiatum
1150 2071 1188 2115 cx
1205 2073 1227 2114 n
1245 2051 1306 2135 Bb,

160 2186 189 2224 m
212 2152 286 2240 Bc).
315 2156 388 2220 834.
413 2157 486 2221 840.
511 2156 585 2222 842.
609 2157 673 2221 848
695 2153 817 2241 (adis).
841 2156 915 2220 849.
939 2156 1012 2221 850.
1037 2155 1111 2222 851.
1135 2158 1210 2223 852.
1235 2159 1306 2223 856.

160 2263 224 2326 863
244 2262 274 2345 (1
288 2258 379 2348 exp).
403 2263 475 2327 873.
501 2264 565 2328 874
581 2285 649 2346 sqq.
669 2259 825 2347 (0000010).
849 2262 923 2326 881.
943 2263 1016 2328 883.
1036 2263 1112 2327 911.
1135 2265 1202 2330 952
1222 2263 1305 2351 (per-

160 2366 269 2452 uerse).
303 2369 376 2433 958.
409 2368 483 2432 966.
516 2368 589 2433 967.
623 2370 697 2433 973.
730 2369 795 2433 975
819 2365 993 2454 (emisisse).
1026 2370 1101 2435 978.
1134 2372 1208 2437 982.
1243 2374 1306 2438 984

159 2471 319 2561 (aestum).
347 2475 422 2540 993.
443 2475 518 2539 997.
545 2475 631 2540 1010
653 2472 707 2561 (s).
739 2476 832 2539 1032.
859 2475 951 2540 1078.
978 2476 1072 2541 1079.
1099 2477 1194 2542 1092.
1222 2481 1308 2545 1093

160 2578 281 2666 (Quid).
328 2580 429 2645 Porro
457 2603 515 2665 pro
543 2581 577 2645 Β
585 2578 634 2668 (0)
668 2586 798 2646 notatur
826 2581 896 2646 Bc:
929 2603 957 2645 v.
981 2581 1045 2647 208
1076 2580 1203 2669 (ano-ry.)
1233 2586 1307 2650 272.

159 2688 234 2752 302.
258 2688 320 2752 311
351 2686 400 2773 (00
418 2708 441 2752 s.
460 2684 509 2774 0.).
534 2688 608 2752 403.
651 2686 771 2753 Contra
796 2687 851 2752 Bo
879 2708 937 2772 pro
963 2687 1027 2753 Bc:
1053 2712 1081 2752 v.
1101 2690 1153 2754 31.
1177 2692 1231 2754 52.
1256 2693 1306 2756 94.

163 2794 234 2859 115.
251 2795 323 2858 117.
342 2795 412 2859 196.
431 2794 501 2858 199.
525 2793 657 2859 Pcho
671 2794 811 2859 fortasse
826 2794 893 2859 Bt:
908 2817 937 2858 v.
952 2795 1003 2859 55.
1020 2794 1093 2859 129.
1108 2796 1174 2860 312
1190 2794 1307 2883 (mani-

159 2901 288 2984 pulares
312 2922 335 2966 s.
362 2900 413 2987 a).
452 2902 537 2966 1174
562 2898 681 2987 (ergo).
725 2899 846 2966 Contra
879 2923 937 2985 pro
971 2901 1025 2965 Bb
1063 2900 1204 2967 fortasse
1233 2904 1308 2969 Ba:

159 3031 186 3071 v.
199 3009 272 3071 562.
287 3007 362 3073 565.
377 3008 451 3072 601.
466 3008 539 3073 837.
555 3007 628 3073 979.
662 3007 709 3071 De
729 3008 864 3072 diversis
883 3008 934 3072 his
951 3008 1099 3073 manibus
1114 3009 1219 3096 deque
1234 3031 1306 3097 gra-

160 3115 303 3178 vioribus
333 3098 524 3197 quibusdam
549 3114 789 3198 discrepantiis,
812 3113 887 3178 dum
911 3114 970 3179 has
993 3114 1145 3198 plagulas
1169 3118 1307 3203 corrigo,

157 3220 306 3282 adfertur
329 3220 516 3303 gratissima
539 3219 638 3284 Mauii
662 3221 814 3304 epistula,
839 3221 876 3284 de
900 3243 963 3304 qua
986 3219 1025 3285 cf.
1043 3244 1072 3304 p.
1092 3220 1212 3288 XLIV.

248 3323 381 3390 Codices
397 3325 461 3392 01)
475 3326 728 3391 Decurtatnm
744 3324 1094 3410 atqueVrsiniannm
1113 3328 1184 3414 ipso
1203 3330 1307 3396 denuo

161 3432 299 3497 excussi:
324 3432 378 3497 sed
398 3432 436 3496 de
454 3432 628 3498 Vrsinianc
652 3454 778 3518 quoque
803 3433 959 3517 quaedam
980 3456 999 3498 a
1017 3455 1068 3498 me
1093 3434 1162 3500 sire
1186 3437 1307 3502 omissa

160 3540 227 3604 sive
261 3539 434 3605 commissa
466 3561 505 3603 ex
531 3538 663 3604 Luchsii
696 3539 869 3604 collatione
902 3537 1078 3623 Seyffertus
1112 3543 1306 3609 emendavit.

159 3647 412 3730 Discriptionem
442 3650 551 3711 autern
581 3646 696 3710 horum
720 3646 866 3711 codicum
890 3668 962 3710 oum
991 3647 1038 3711 eis
1066 3650 1197 3714 tantum
1228 3651 1305 3716 locis

160 3755 193 3820 in
213 3758 371 3838 apparatu
392 3753 595 3836 respexerim,
613 3752 730 3837 quibus
749 3751 837 3817 certa
853 3775 950 3817 causa
970 3753 1133 3834 monebat,
1152 3757 1304 3823 hocloco

161 3886 198 3926 ex
227 3860 255 3927 0
279 3861 419 3943 illustro,
447 3860 635 3942 praesertim
669 3882 741 3924 oum
776 3858 832 3922 alii
869 3859 1029 3924 interdum
1057 3860 1098 3925 ad
1127 3883 1201 3927 eam
1233 3886 1304 3949 pro-

161 3967 353 4032 vocaverint.
386 3965 499 4049 Itaque
523 3966 583 4029 hos
612 3966 716 4030 indico
741 3988 891 4030 versuum
914 3966 1167 4050 discrepantium
1193 3970 1303 4052 exitus,

160 4074 313 4138 lineolam
338 4072 467 4156 addens,
491 4072 545 4136 ubi
570 4073 737 4137 metricum
758 4073 888 4157 aliquod
911 4073 1125 4139 interstitium
1145 4077 1300 4160 congmit.

248 4326 272 4395 *)
296 4325 360 4395 Ipsa
378 4327 464 4380 rerba
483 4329 608 4382 versibus
628 4328 755 4384 excitatis
776 4329 886 4399 addidi,
905 4330 953 4384 ubi
973 4329 1070 4385 eodem
1095 4329 1157 4395 loco
1177 4330 1213 4385 da
1231 4348 1298 4386 oom-

147 4406 273 4475 pluribus
307 4403 473 4460 correcturis
493 4406 594 4475 agitur.
