2910 5528
150 344 216 408 212
626 340 810 397 APPENDIX
1152 343 1293 395 eus-sto

149 506 224 560 hund
243 503 435 560 intermissum
452 502 498 557 hio
517 502 641 572 poturier
660 501 693 559 Β
713 503 785 561 ‘lem
805 502 899 559 Lite!
919 520 947 558 a.
963 505 1039 559 1977
1052 518 1084 573 p.
1098 504 1205 572 39711.
1222 503 1293 558 item·

150 603 201 655 que
219 587 355 656 Berplins
375 586 471 656 Opuse.
490 585 512 638 I
521 601 552 654 p.
567 588 630 640 679.

238 670 298 720 esi.
321 664 432 719 Ducier.
452 663 506 718 ΤΗ.
525 663 588 732 quis
607 665 770 721 Lambinus.
794 664 902 724 Audiui.
922 664 978 720 ΤΗ.
997 662 1061 735 quis
1080 665 1218 736 Buppius.
1241 662 1292 717 Tu.

149 745 201 800 Dic
219 745 291 800 mihi
309 745 370 813 quis
389 744 534 814 Vesinpius
551 745 635 798 deleto
653 762 678 799 o.
692 749 762 812 966,
779 747 827 814 oui
846 750 921 801 errat
938 746 971 800 ele
989 749 1132 802 structura
1149 743 1294 813 (infinitivi

149 827 220 880 enim
239 826 295 880 loco
313 826 548 881 substantivorum
565 824 684 879 babeam
701 828 784 893 sunt).

238 910 298 960 932.
332 904 392 969 Quo
411 904 435 959 is
453 905 542 973 putre.
567 902 621 962 Di.
641 906 687 960 cui
704 905 825 976 Pylades
842 922 856 960 e
875 906 970 962 ‘eodm
989 904 1059 962 ant.'
1095 904 1139 973 Cf.
1158 904 1292 961 Luolsius

148 988 180 1041 in
202 986 321 1041 Studern.
340 984 419 1040 Sturl.
441 985 461 1037 Ι
479 1002 510 1053 p.
525 987 587 1038 344.
612 1015 646 1025 -
664 985 723 1053 hei,
747 985 795 1040 hei
818 985 908 1041 occidi
934 986 1078 1042 Gruterus
1112 983 1184 1055 oiei,
1206 983 1292 1040 occirfi

155 1067 306 1138 Vesinpins.
341 1065 382 1132 Cf.
401 1065 547 1120 Ricbterus
571 1066 603 1120 in
621 1064 741 1121 Stuelern.
760 1065 842 1121 mua.
861 1066 923 1135 Ip.
936 1070 1002 1123 462.
1021 1069 1087 1121 465.
1105 1068 1170 1121 470.
1189 1070 1245 1121 610
1255 1081 1292 1135 sq.

42 1164 52 1179 ·
148 1146 254 1202 Possis:
273 1145 366 1216 opino.
388 1145 454 1212 lei,
473 1144 577 1213 oppido
596 1143 694 1200 occidi.

237 1233 298 1281 934.
317 1226 390 1280 istuc
410 1224 599 1281 Camerarius:
616 1243 687 1282 corr.
704 1226 866 1282 [ambimus.

237 1312 298 1362 967.
322 1305 361 1359 ibi
386 1305 548 1360 meliuscule
572 1324 656 1375 quum
683 1304 872 1362 Camerarius:
894 1307 944 1362 ubi
967 1304 1139 1361 meriuscule
1163 1304 1293 1361 Grutam

150 1386 335 1442 ‘adolescens'.
367 1385 407 1439 ibi
432 1401 465 1439 ne
489 1385 616 1456 pluscule
641 1403 724 1454 quum
750 1386 915 1442 Gulielmius
938 1387 1062 1442 Verisinu
1081 1385 1136 1440 11
1160 1387 1293 1456 probante

147 1467 278 1522 Acidalio
301 1467 332 1520 in
357 1465 422 1519 Mil.
438 1484 468 1535 p.
484 1470 539 1522 312
558 1466 713 1535 Ellisioque
736 1467 753 1520 l.
772 1481 793 1520 s.
811 1483 832 1521 3.
848 1483 879 1536 p.
895 1470 950 1521 183
975 1465 1027 1533 (uel
1049 1481 1086 1521 ne
1108 1463 1292 1532 meliuscule),

148 1548 196 1616 qui
215 1547 260 1600 set
277 1562 346 1600 corr.
365 1561 427 1598 cum
445 1545 569 1616 Buppio:
588 1546 637 1599 ubi
654 1544 815 1613 plusculum
833 1551 1034 1614 commemorat,
1051 1561 1110 1601 nou
1127 1544 1293 1602 wumdat

150 1627 303 1680 Muellerus
326 1626 402 1680 Pras.
424 1643 454 1694 p.
469 1630 517 1680 29.
554 1624 595 1680 ihi
619 1642 654 1680 ne
683 1625 850 1695 plusquam
868 1625 911 1693 m,
931 1632 994 1696 post
1015 1623 1085 1695 qnid
1108 1626 1233 1681 inserens
1257 1622 1295 1677 itu

149 1711 232 1761 nam?
255 1705 337 1774 quid:
355 1705 404 1759 ubi
424 1709 487 1773 post
509 1704 640 1772 quidest
661 1706 755 1773 potins
777 1707 904 1760 lacunam
928 1706 1065 1761 statuebat
1081 1705 1237 1761 Loreurius
1259 1718 1295 1756 re·

148 1788 259 1854 sutante
282 1785 414 1855 Seyfferto
437 1801 506 1839 cens.
522 1801 553 1852 p.
567 1788 612 1840 47.
641 1783 682 1836 ibi
705 1783 825 1854 emplius
853 1801 937 1856 quum
960 1803 979 1840 a
998 1785 1136 1855 Gepperto
1155 1785 1237 1840 Stud.
1255 1782 1296 1837 Pl.

150 1865 192 1920 II
201 1883 230 1934 p.
246 1868 283 1920 73
295 1881 332 1934 sq.
351 1865 512 1933 accipientes
531 1862 606 1930 quod
625 1880 671 1917 ms
685 1864 759 1918 rides
774 1866 805 1933 (t)
818 1867 869 1920 sub
883 1867 965 1933 finem
978 1882 1003 1920 u.
1016 1866 1049 1935 (1)
1065 1865 1131 1920 add.
1149 1864 1297 1934 Vesinpius,

72 1963 75 1969 ·
148 1945 235 1999 fuerit
262 1947 306 1998 sut
333 1945 396 1999 trai.
422 1943 669 1999 Sonnenscbeinius
696 1945 836 2012 refutante
859 1945 992 2016 Seyfferto
1018 1961 1088 2000 oens.
1112 1962 1146 2014 p.
1160 1949 1226 2000 967.
1258 1943 1297 2008 Cf.

150 2024 293 2079 Cramerus
307 2024 423 2093 clepens.
438 2025 508 2079 coni.
523 2040 577 2078 seu
587 2029 691 2091 potent.
704 2040 733 2091 p.
743 2027 787 2078 19.
811 2023 898 2080 fuerit
912 2024 1016 2080 biberis
1031 2025 1148 2080 motui:
1160 2026 1212 2079 ubi
1228 2021 1298 2096 <m>

149 2102 254 2158 hiberis
272 2104 314 2158 uel
327 2101 436 2175 (hem)
455 2102 523 2171 quid
541 2106 586 2157 cst
601 2101 801 2159 Fleckeisenns.
816 2136 849 2144 —
863 2105 934 2159 Mon
947 2121 1021 2159 nuuc
1035 2105 1149 2159 ueneris
1164 2103 1298 2174 Bupalus.

239 2187 298 2237 969.
326 2199 371 2237 me
390 2183 447 2237 sire
465 2201 499 2239 ea
512 2181 627 2238 BaCD
644 2182 674 2236 lh
693 2184 725 2236 in
744 2185 809 2239 adn.
824 2213 857 2225 -
877 2184 933 2239 loci
952 2185 1118 2241 Gulielmius
1138 2183 1225 2240 Veris.
1244 2182 1264 2235 1
1272 2188 1298 2245 1,

150 2266 267 2331 fortasse
284 2268 360 2317 reete.
386 2262 427 2331 Cf.
442 2264 579 2318 Becbencs
597 2263 629 2315 in
643 2261 762 2318 Stueleru.
778 2266 858 2321 sena.
874 2265 896 2318 1
909 2282 938 2334 p.
948 2269 1017 2333 257,
1035 2265 1073 2320 al
1086 2294 1125 2305 -
1143 2264 1192 2319 Aa
1209 2282 1235 2320 u.
1248 2267 1297 2317 370

151 2345 187 2412 es.
207 2345 365 2398 Brandtius
383 2345 415 2398 de
432 2361 491 2414 pen.
509 2347 599 2412 1136.

238 2429 298 2478 971.
336 2423 428 2477 abiuit
455 2423 521 2478 hinc
553 2422 730 2478 Camerarius
756 2425 958 2497 redinteprante
983 2423 1076 2481 Leone
1105 2425 1185 2478 Mus.
1213 2422 1296 2477 Bbrn

150 2501 825 2573 1111111.1111113111111111.
834 2484 1036 2573 musis
1044 2505 1133 2572 aens.
1148 2502 1214 2557 mne
1224 2501 1298 2566 usuc

148 2587 214 2654 post
231 2582 261 2636 B
283 2583 380 2651 Opusc.
396 2584 466 2651 phil.
487 2583 570 2651 Hp.
587 2586 642 2637 548
666 2584 731 2638 adn.
751 2585 916 2640 dubitanter.
951 2582 994 2651 Cs.
1013 2584 1173 2639 Mueller-us
1194 2600 1226 2652 p.
1239 2586 1297 2637 sol.

149 2696 182 2705 -
194 2665 241 2717 Aa
254 2682 278 2719 a.
291 2668 342 2716 972
357 2665 391 2730 ef.
402 2663 551 2733 Lanpenus
566 2662 678 2717 ‘Beitn'
690 2681 720 2732 p.
731 2667 790 2718 237
803 2669 827 2717 ct
841 2663 1003 2720 Slutselrius
1014 2663 1156 2720 ‘Forsan’
1169 2663 1191 2716 I
1199 2680 1230 2731 p.
1240 2667 1296 2716 154.

234 2748 286 2796 973
296 2760 350 2813 sqq.
370 2743 445 2797 Anv.
465 2741 583 2811 triginta
600 2741 724 2796 talentis.
744 2743 797 2797 PH.
817 2743 854 2797 m.
867 2774 900 2785 -
914 2742 967 2797 ΤΗ.
989 2742 1040 2797 sed
1054 2742 1140 2797 minis
1157 2741 1294 2797 Creterra.

149 2824 198 2878 sed
224 2822 307 2876 nimis
334 2823 456 2893 Guyetus
483 2825 518 2892 (et
536 2838 599 2877 mon
625 2822 679 2875 Ain
703 2821 811 2891 nimis).·
837 2825 873 2889 es.
893 2823 1047 2892 Geppertus
1069 2823 1103 2878 ele
1126 2824 1185 2879 eod.
1205 2822 1294 2877 Auos.

148 2921 175 2972 p.
191 2908 227 2958 33
251 2908 276 2956 et
298 2902 378 2957 Stnd.
400 2902 446 2957 Pl.
465 2902 506 2955 II
522 2919 553 2971 p.
568 2905 603 2956 74
616 2917 655 2969 sq.
681 2930 716 2939 —
741 2902 887 2972 ‘Sequitur
909 2905 941 2958 in
963 2903 992 2958 A
1014 2919 1103 2958 nomm
1127 2918 1234 2970 cerm,
1255 2902 1296 2956 bie

148 2988 181 3038 ut
202 2982 322 3037 uidetur:
349 2981 403 3038 ΤΗ.
425 2981 587 3037 Liberauil?
616 2980 669 3034 ΡΗ.
693 2979 827 3037 liberauit
853 2980 939 3037 illunc
967 2980 1087 3053 triginta
1114 2981 1208 3037 minis.
1245 2981 1295 3052 Qui

147 3078 238 3116 uereor
265 3079 299 3116 ne
325 3080 339 3115 e
366 3064 533 3131 plessematis
561 3060 694 3116 coaluerit
718 3078 767 3116 nee
793 3064 846 3118 ulli
867 3063 934 3117 usuri
959 3063 1005 3119 sit.
1037 3062 1106 3119 Nisi
1129 3063 1240 3131 quidem
1265 3061 1294 3114 de

149 3143 235 3197 tantis
255 3143 343 3197 turbis
361 3144 502 3214 copitabis,
520 3148 552 3197 ut
567 3145 676 3211 poetam
694 3142 767 3195 velut
783 3143 824 3197 sie
840 3142 983 3211 scripsisse
1000 3143 1138 3198 conicias:

257 3221 325 3289 Qui,
344 3224 493 3290 postquam
512 3224 592 3292 puter
611 3219 647 3274 ud
667 3223 821 3276 mereatum
840 3221 912 3277 abiit
930 3221 1005 3290 hinc,
1025 3219 1175 3277 tibicinam

256 3302 409 3357 Liberauit.
428 3301 481 3357 ΤΗ.
501 3302 653 3359 liberauit?
672 3303 726 3358 PE
745 3304 798 3358 ils:
816 3301 1017 3358 Philematium
1037 3301 1155 3372 quidem

255 3382 406 3436 Liburnuit.
431 3382 485 3438 ΤΗ,
504 3383 718 3439 Philolachesne
737 3388 822 3452 ergo?
845 3383 899 3437 Pu.
919 3380 983 3453 <its
1006 3383 1082 3438 dico:
1106 3383 1187 3453 ipsus
1206 3383 1292 3438 Philo

1001 3460 1131 3536 laches.)

184 3542 237 3596 ΤΗ.
258 3542 379 3608 Quanti?
397 3545 471 3600 ADV.
491 3545 609 3614 triginta
627 3544 750 3599 talentis.
770 3543 825 3599 Pu.
844 3540 883 3612 pb
906 3540 956 3597 ebo
973 3537 1101 3612 Ἀπόλλω,
1120 3547 1165 3598 331
1183 3544 1272 3599 minis.

184 3625 239 3678 Tu.
259 3623 313 3677 Ain
333 3623 416 3678 minis
435 3641 456 3679 e.
470 3643 494 3693 q.
508 3625 543 3680 s.’

149 3706 196 3761 Sic
214 3704 252 3770 11,
271 3720 386 3773 quonum
404 3705 436 3759 ele
453 3706 662 3773 interpolatione
675 3706 847 3761 ensentium
861 3705 990 3775 Bupqius
1005 3704 1224 3776 Loreneiusaue,
1236 3723 1292 3762 eun

154 3786 298 3855 Vesinpins
316 3801 421 3839 omnum
435 3787 564 3853 retineat,
583 3779 697 3855 inquiam
715 3787 837 3841 scribens
842 3825 851 3852 ,
870 3785 920 3840 ubi
938 3782 1024 3839 illanc
1038 3783 1083 3853 11,
1101 3783 1214 3841 scilicet
1228 3786 1291 3854 Cep

146 3872 242 3936 pertus
261 3867 294 3919 cle
311 3865 374 3919 eloe.
390 3865 612 3934 184681αά.
632 3865 676 3920 Pl.
696 3865 778 3935 Hp.
795 3870 838 3920 75.

238 3951 298 4000 974.
332 3945 405 3998 mnis
432 3946 508 4000 codd.
532 3945 656 4015 Pyladis.
675 3975 709 3984 -
733 3943 906 3999 destinatum
929 3942 1128 4000 Philolachem
1152 3946 1208 4012 des.
1228 3947 1289 4016 Gep

148 4032 244 4094 pertus
266 4026 346 4080 seua.
367 4025 413 4079 Pl.
432 4026 474 4077 ΙΙ
488 4043 517 4095 p.
533 4029 568 4079 75
587 4031 651 4094 post
677 4026 830 4080 Mereernm
854 4027 892 4080 ad
915 4024 989 4082 Non.
1004 4042 1035 4095 p.
1050 4030 1097 4082 89.
1128 4026 1289 4081 destinatum

149 4105 341 4160 Philolachem
353 4105 536 4160 Camerarius.
556 4104 725 4159 destinatam
740 4104 899 4161 Philolachi
915 4106 1079 4161 Gulielmius
1094 4108 1128 4162 in
1142 4107 1288 4163 1111112.

149 4184 304 4240 destinasse
315 4184 507 4239 Philolachem
518 4185 555 4239 Β.
581 4185 622 4252 Cf.
633 4186 782 4254 Lanyenus
792 4185 904 4242 ‘Betim'
912 4204 942 4256 p.
953 4190 1019 4242 300.·
1042 4185 1128 4242 Deest
1138 4219 1172 4228 —
1184 4187 1285 4244 ‘solae

237 4272 298 4320 376.
323 4266 458 4320 emisisse.
479 4266 558 4329 [hio.
575 4266 588 4327 1
606 4268 635 4318 et
653 4265 682 4318 ul
701 4268 818 4322 addens:
838 4267 906 4322 ‘non
923 4272 993 4323 recte
1010 4267 1085 4321 luune
1103 4283 1129 4322 o.
1148 4269 1285 4323 ‹limen-run

148 4357 201 4396 esse
219 4345 429 4400 Lacltmannum
448 4348 479 4399 in
497 4346 582 4401 Lucr.
599 4364 629 4415 p.
643 4349 699 4401 162
717 4347 774 4403 iam
793 4346 870 4402 Prol.
888 4347 965 4403 Prin.
976 4365 1007 4416 p.
1024 4347 1107 4402 CXC
1121 4347 1205 4403 aies’.
1228 4346 1283 4401 eni-

150 4422 224 4474 sisse.
245 4424 258 4485 1
276 4423 329 4477 uio.
350 4426 363 4484 1
381 4427 411 4478 et
430 4426 580 4481 Mrullerns
594 4444 624 4495 p.
640 4431 694 4482 659
708 4443 747 4496 sq.
