2910 5528
148 340 226 396 XXX
625 340 829 397 PRAEFATIO

240 505 288 570 Ex
320 507 381 570 hac
409 506 627 590 disputatione
660 506 771 588 utique
803 505 1007 590 probandum
1037 506 1115 591 erit,
1145 505 1232 592 quod
1260 508 1291 572 in

152 613 340 676 membrana
360 613 434 677 Bt
457 613 555 676 trium
581 613 780 677 senariorum
800 612 943 677 delectus
965 612 1123 698 repetitur
1141 635 1183 679 ex
1204 614 1291 678 unius

150 741 263 783 versus
287 724 363 804 post
388 743 414 783 v.
434 721 499 784 648
524 721 641 784 lacuna
658 756 702 766 —
721 741 797 784 nam
821 719 859 783 de
884 742 912 784 v.
931 720 997 785 644
1011 742 1058 804 sq.
1082 716 1179 805 (item
1202 723 1238 784 ut
1256 720 1291 783 de

151 849 179 890 v.
201 823 302 911 1150)
326 827 445 892 erravit
468 825 666 891 Ritschelius
686 863 727 872 —
752 830 842 890 etex
866 825 1013 891 versibus
1035 827 1216 892 630-632
1238 848 1291 891 suo

151 933 223 996 loco
247 931 281 996 in
303 933 336 995 A
360 933 463 1016 lectis,
487 954 549 1016 quo
575 934 645 997 loco
670 933 770 997 etiam
794 930 924 1023 Servius
947 932 1028 1017 legit
1050 932 1085 996 in
1110 932 1292 998 testimonio

151 1061 171 1102 a
198 1037 375 1103 Ritschelio
408 1039 544 1123 aliisque
577 1039 683 1103 minus
719 1023 805 1103 recte
838 1039 923 1103 lecto
954 1038 1198 1126 intellectoque,
1226 1062 1292 1105 cum

150 1166 278 1209 versum
306 1145 369 1209 647
398 1143 468 1232 (ubi
497 1143 583 1230 vide)
612 1145 699 1209 dicat
726 1144 840 1229 ‘paulo
868 1143 958 1228 post'
985 1167 1015 1209 v.
1038 1146 1105 1212 630
1134 1169 1157 1212 a
1182 1146 1292 1212 Plauto

150 1252 277 1315 illatum
310 1273 388 1315 esse.
430 1249 553 1317 Contra
586 1251 619 1315 in
653 1251 843 1316 membrana
872 1249 940 1317 Oc
967 1273 1070 1336 neque
1099 1251 1292 1318 Ritschelius

151 1358 244 1421 nohis
277 1357 414 1442 aliisque
447 1358 608 1442 persuasit
640 1362 714 1441 post
747 1381 775 1424 v.
802 1359 863 1422 747
893 1357 1017 1442 aliquid
1049 1358 1163 1424 deesse
1195 1380 1293 1443 neque

152 1463 327 1548 Seyffertus
352 1468 427 1528 ante
447 1488 475 1529 v.
496 1466 559 1531 728
583 1469 752 1530 truncatos
772 1486 842 1529 esee
861 1486 972 1530 versus
996 1466 1183 1551 nonnullos,
1204 1487 1292 1551 quem

152 1593 248 1654 supra
272 1567 318 1656 (p.
337 1569 384 1633 XI
399 1569 482 1654 sqq.)
502 1571 643 1635 refutare
663 1571 781 1636 studui.
810 1571 918 1655 Atque
936 1571 1036 1636 etiam
1054 1568 1294 1636 Studemundus

152 1677 286 1762 negavit
308 1679 343 1742 in
371 1678 431 1742 hac
455 1682 547 1761 parte
571 1679 805 1742 accuratiorem
829 1677 928 1762 spatii
951 1679 1232 1760 computationem
1260 1678 1295 1741 de

151 1785 184 1848 A
207 1784 336 1849 institui
359 1805 468 1867 posse,
492 1806 564 1848 cum
584 1806 695 1848 versus
715 1806 753 1848 ex
778 1789 872 1867 parte
889 1782 1036 1848 lacunosi
1059 1784 1191 1849 sint-
1215 1783 1297 1870 quod

152 1895 279 1975 spectat
308 1891 348 1955 ad
372 1914 401 1957 v.
421 1892 615 1974 saa—744,
641 1913 720 1974 quos
749 1895 859 1956 tamen
883 1893 949 1955 tres
977 1894 1106 1955 tantum
1138 1890 1240 1955 fuisse
1262 1913 1296 1955 er

152 1998 345 2082 congruenti
373 1998 488 2062 lacuna
511 2002 634 2063 certum
658 2003 715 2079 est,
739 2034 783 2044 —
806 2019 844 2062 ex
868 2002 962 2082 parte
985 2019 1061 2062 vero
1093 1996 1297 2064 liberioribus

153 2105 264 2169 metris
280 2105 463 2188 compositi.
495 2103 568 2170 Non
589 2105 694 2168 minus
710 2103 808 2168 dubia
823 2108 874 2169 est
891 2104 1017 2188 lacuna,
1032 2125 1129 2187 qnam
1151 2105 1186 2168 in
1206 2126 1297 2168 mem-

152 2212 255 2276 brana
273 2210 315 2275 D.
334 2213 356 2276 d
373 2234 486 2296 parum
506 2211 634 2275 definite
654 2211 849 2275 Ritschelius
869 2210 1010 2275 admisit
1040 2208 1205 2275 Videntur
1223 2233 1297 2276 sane

153 2339 191 2380 ex
220 2317 378 2381 Palatinis
406 2317 466 2380 Vll
496 2338 645 2382 versuum
674 2317 920 2382 bacchiacorum
948 2317 1104 2401 reliquiae
1135 2321 1169 2381 et
1192 2316 1296 2381 XXIV

154 2423 329 2506 septenarii
357 2425 513 2489 trochaici
536 2423 706 2488 XXXVIII
737 2424 771 2486 in
794 2425 825 2488 A
855 2423 999 2488 versibus
1027 2425 1223 2509 respondere
1251 2424 1297 2489 sel

153 2531 261 2612 potius
281 2552 346 2594 nou
366 2531 446 2594 satis
464 2530 669 2614 respondere„
701 2530 745 2594 At
765 2552 839 2595 vero
858 2531 998 2615 primum
1012 2530 1144 2615 quidem
1164 2536 1298 2612 nonest,

153 2637 238 2720 quod
263 2659 302 2701 ex
325 2636 377 2701 his
401 2636 481 2701 duos
499 2659 611 2701 versus
635 2640 710 2720 post
730 2659 757 2700 v.
773 2638 837 2701 810
862 2636 1000 2702 traditos
1020 2637 1060 2702 ab
1081 2637 1296 2703 Ambrosiam

153 2743 375 2808 abiudicemus
400 2743 488 2829 (vide
507 2742 623 2831 infra.):
648 2754 716 2808 tum
737 2767 811 2809 vero
832 2767 869 2808 ex
889 2744 1026 2809 aliorum
1049 2744 1198 2809 locorum
1217 2745 1298 2809 simi·

153 2850 288 2914 Iltudine
313 2851 365 2914 vix
392 2852 587 2933 errabimus,
612 2852 638 2915 si
662 2852 747 2915 inter
776 2851 966 2916 bacchiacos
989 2850 1192 2934 colloquium
1220 2851 1297 2916 inter

124 2998 133 3012 .
154 2955 414 3042 Theopropidem
437 2956 697 3042 Tranionemque
716 2958 919 3022 continentes
938 2961 971 3021 et
994 2958 1217 3041 insequentem
1237 2957 1324 3021 dia-⁶

152 3064 263 3147 logum
288 3063 375 3128 inter
398 3064 457 3128 hos
477 3061 705 3148 Simonemque
729 3063 918 3147 septenariis
942 3063 1119 3129 trochaicis
1143 3064 1296 3148 composi·

154 3174 222 3231 tum
248 3170 325 3234 olim
351 3193 485 3235 scaenae
508 3193 612 3236 novae
637 3171 879 3254 inscriptionem
904 3171 983 3235 duos
1007 3192 1119 3235 versus
1143 3172 1178 3235 in
1196 3173 1228 3234 A
1252 3191 1296 3234 oc·

154 3296 271 3358 cupere
291 3279 436 3359 potuisse
452 3279 619 3342 sumimus
651 3277 703 3342 Sic
719 3300 793 3343 vero
809 3277 838 3341 V
858 3283 995 3362 tantum,
1014 3299 1079 3342 non
1095 3276 1170 3361 Vll,
1191 3298 1295 3343 sersus

155 3381 318 3467 lougIores
343 3384 420 3447 olim
445 3384 621 3468 bipertitos
645 3386 745 3448 fuisse
769 3408 807 3448 cx
830 3383 940 3448 XXIV
964 3384 1104 3448 efficitur
1128 3385 1225 3468 idque
1250 3405 1296 3448 ne

155 3510 316 3572 quaquam
349 3490 485 3553 nimium
520 3493 644 3557 videtur
677 3492 730 3577 (cl.
755 3514 782 3555 r.
802 3492 875 3556 804.
905 3492 977 3557 807.
1006 3491 1080 3556 808.
1109 3493 1185 3556 814.
1214 3487 1295 3572 815).

153 3593 239 3658 Nam
274 3595 357 3680 quod
389 3596 592 3682 hadewigius
621 3599 736 3664 Philol.
763 3597 860 3662 XVII
888 3621 918 3681 p.
942 3598 1006 3662 471
1023 3619 1071 3681 sq.
1099 3598 1237 3663 coniecit
1266 3597 1295 3659 in

153 3702 214 3767 hac
237 3702 367 3767 fabulae
391 3712 483 3786 parte
506 3708 583 3788 post
602 3727 630 3770 v.
646 3705 711 3769 802
735 3705 907 3769 mentitum
927 3725 997 3768 esse
1017 3702 1216 3769 Tranionem
1233 3702 1294 3767 ruri

153 3811 266 3874 abesse
289 3810 562 3887 Philolachetem,
586 3809 670 3894 quod
694 3809 786 3873 illum
809 3809 925 3873 fecisse
950 3830 988 3872 ex
1012 3832 1039 3873 v.
1060 3809 1126 3873 929
1142 3832 1190 3893 sq.
1217 3807 1293 3873 1076

154 3914 417 4001 οοη]ρθ11111υε*),
442 3917 502 3980 etsi
526 3916 619 3979 huius
644 3916 690 3979 rei
715 3916 910 3981 mentionem
935 3919 1030 3980 antea
1056 3915 1128 3979 fieri
1151 3914 1294 3980 debuisse

242 4069 268 4134 ²¹²)
293 4067 333 4119 Ex
352 4066 396 4120 his
415 4062 484 4120 locis
503 4081 564 4117 cum
584 4064 765 4133 intellegatur
784 4066 919 4132 quantum
938 4063 1004 4118 huic
1024 4063 1173 4119 mendaoIo
1192 4065 1221 4118 in
1239 4065 1295 4135 ipsa

153 4145 250 4199 fabula
277 4146 430 4214 tribuatur,
453 4144 537 4200 facile
561 4144 686 4214 cogitare
714 4161 861 4213 possumus
889 4145 962 4198 hanc
986 4159 1043 4196 rem
1070 4143 1159 4198 etiam
1182 4145 1213 4198 in
1240 4147 1294 4214 ipso

154 4227 325 4294 Argumcnlo
351 4224 418 4278 olim
443 4226 688 4279 commemoratam
714 4224 814 4292 fuisse,
833 4239 889 4291 quo
912 4223 975 4279 loco
993 4223 1050 4276 iain
1074 4223 1208 4278 Insanum
1231 4223 1294 4279 illud

150 4305 271 4370 priorum
289 4304 472 4373 (enriprotum)
492 4305 620 4373 legimus,
641 4304 763 4371 itemque
782 4304 810 4356 in
830 4306 954 4360 adventu
973 4302 1171 4358 Callidamatis
1192 4324 1217 4360 v.
1235 4308 1296 4359 112⁰

154 4381 319 4436 Tranionem
339 4383 439 4435 dixisse
458 4384 538 4438 uideo
557 4387 609 4439 hac
627 4401 692 4438 rare
710 4384 843 4449 discedere,
863 4400 918 4451 quo
937 4382 999 4438 loco
1025 4382 1095 4437 item
1115 4399 1213 4437 versus
1232 4384 1296 4438 miro

153 4459 213 4514 lato
233 4463 379 4531 corruptus
399 4465 449 4514 cst.
483 4463 556 4516 Nam
575 4465 661 4533 probe
681 4464 735 4518 solt
752 4462 833 4518 illum
852 4480 870 4517 a
887 4461 1081 4518 Philolachete
1100 4462 1209 4519 venire.
